1653 2567
674 110 912 147 *37-

204 205 317 238 Camis
341 206 436 238 huius
460 207 666 245 prudentiam

200 253 386 294 Reputabat
410 253 590 286 stultitiam.

165 335 171 342 .
199 309 336 349 Accepit
361 309 452 351 virgo
476 311 630 351 virginem

199 356 246 389 Ut
276 366 420 390 sororem
445 366 509 389 non
537 358 713 400 coniugem,

202 405 279 438 Cum
305 405 397 437 brevi
423 407 565 438 moratus
592 409 651 446 est,

202 452 341 493 Peregre
365 450 530 492 profectus
557 456 615 487 est.

341 529 551 564 Respousoria.

171 611 177 617 .
205 585 288 619 Erat
311 586 434 619 Romae
458 587 509 619 vir
532 587 650 620 nobilis

201 633 246 666 Et
269 643 351 666 uxor
377 635 444 667 eius
469 635 600 675 sterilis,

205 682 293 721 Quae
316 682 386 714 Deo
414 683 512 715 dante
536 681 636 715 filium

207 729 315 762 Enixa
345 732 394 762 est
415 730 578 763 Alexium.

166 802 173 809 .
206 776 269 818 Qui
293 777 442 810 habitare
468 778 550 819 facit
571 778 712 811 sterilem
727 778 766 810 in

203 824 298 858 domo
340 827 480 858 matrem
515 825 663 866 filiorum
699 826 764 859 Zae-

202 874 338 908 tantem.

166 955 173 961 .
199 932 283 963 Puer
309 933 470 970 parenteS,
500 932 638 970 patriam

204 977 249 1011 Et
274 986 399 1010 omnem
424 978 537 1010 mundi
562 979 695 1018 gloriam

205 1026 256 1059 Ac
281 1027 382 1057 semet
404 1026 511 1066 ipsum
535 1026 682 1069 abnegat,

204 1073 251 1107 Ut
277 1073 438 1106 Christum
462 1072 656 1107 lucrifaciat.

164 1145 170 1151 .
206 1120 397 1162 Ingreditur
445 1120 517 1153 sine
562 1121 697 1154 macula
739 1123 768 1155 et

204 1171 358 1210 operatur
387 1167 561 1200 iustitiam.

170 1253 177 1259 .
205 1225 304 1265 Apud
328 1224 480 1257 Edissam
508 1226 621 1265 Syriae

208 1274 290 1306 Prae
316 1271 385 1305 foro
412 1273 566 1305 ecclesiae

206 1321 298 1355 Sedit
316 1321 420 1353 -exsul
443 1320 578 1353 Alexius

203 1369 306 1401 Deum
333 1377 428 1401 orans
454 1368 617 1401 attentius.

161 1442 169 1450 .
199 1417 267 1450 Iste
293 1425 427 1457 pauper
461 1415 617 1448 clamavit
642 1417 671 1448 et
694 1416 764 1449 Do-

202 1464 314 1497 mtwus
346 1463 512 1497 exaudivit
536 1473 620 1496 eum.

255 1552 305 1583 In
332 1552 363 1584 2.
389 1550 634 1583 Nocturno.

353 1625 549 1661 Antiphonae.

174 1712 181 1719 .
209 1687 289 1721 Cum
315 1686 398 1716 esset
422 1684 457 1716 in
483 1683 606 1725 exsilio,

206 1734 299 1768 Omni
327 1733 379 1765 die
405 1731 563 1764 dominico

206 1782 305 1815 Sacra
333 1780 453 1813 Christi
478 1780 632 1820 mysteria

204 1830 288 1863 Fide
314 1828 461 1869 percepit
485 1828 620 1868 integra.

146 1891 176 1922 2.
198 1887 261 1921 Hic
288 1886 400 1920 diebus
425 1895 465 1918 ac
489 1886 636 1919 noctibus

204 1937 305 1969 Totus
332 1936 402 1967 erat
423 1934 458 1966 in
481 1934 643 1974 precibuS,

205 1984 303 2018 Cuius
327 1983 457 2015 scandit
481 1982 583 2014 oratio

205 2034 375 2065 Incensum
402 2039 508 2062 coram
533 2029 682 2065 Domino.

172 2119 178 2125 .
204 2090 255 2123 lbi
280 2089 412 2122 tandem
437 2089 582 2129 angelico

202 2138 396 2171 Declaratus
421 2138 552 2171 oraculo

203 2188 242 2221 In
269 2186 386 2219 atrium
411 2188 560 2225 receptus
588 2188 637 2218 est

204 2234 341 2267 Alexius
369 2261 591 2270 ,,,,,,,

341 2301 553 2337 Responsoria.

175 2389 181 2395 .
210 2361 423 2395 Advenerunt
444 2360 570 2392 interea

201 2410 314 2450 Legati
342 2409 382 2441 de
407 2407 505 2441 Italia

892 210 986 241 Iussu
1016 208 1117 248 patris
1144 217 1182 240 ac
1207 208 1321 240 civium

894 255 1094 296 Inquirentes
1119 255 1280 296 Alexim),

894 304 976 342 Quos
1002 311 1177 343 agnoscens
1204 304 1253 335 vir
1276 303 1404 335 inclitus

891 350 969 390 Ipse
991 350 1110 382 mansit
1132 350 1313 390 incognitus

852 423 859 430 .
891 397 1047 430 Omnibus
1073 397 1183 431 diebus
1207 398 1293 430 vitae
1315 408 1405 432 succe.

858 481 865 488 .
893 455 1022 487 1nterea
1044 454 1178 487 Alexjus

894 502 987 535 Patri
1012 511 1069 534 suo
1093 501 1132 535 fit
1156 501 1279 542 obvim,

894 550 993 589 Quem
1019 558 1248 591 recognoscens
1274 551 1419 590 protinus

894 598 1013 630 Adhuc
1037 598 1155 630 mansit
1178 598 1367 639 incognitus.

855 669 861 675 .
891 645 1033 689 Beatus,
1073 645 1132 685 Qui
1170 645 1327 686 intelliyit
1359 654 1455 687 super

895 702 1031 734 cycnum
1057 696 1086 725 et
1102 702 1197 734 paup
1202 702 1294 725 erem.

862 779 868 785 .
894 751 1008 783 Manet
1031 750 1065 782 in
1092 751 1184 782 domo
1209 749 1294 782 filius

893 798 991 838 Quasi
1015 806 1127 830 servus
1153 798 1326 839 emptitius,

895 846 959 879 Ubi
990 855 1010 878 a
1034 845 1135 878 servis
1161 846 1266 878 varias

894 895 1071 934 Perpessus
1097 895 1145 925 est
1167 893 1311 931 iniurias,

895 941 995 980 Quem
1019 949 1111 973 nemo
1138 941 1227 973 novit
1251 940 1413 973 dominum

894 989 1004 1030 Usque
1030 988 1073 1020 ad
1097 988 1184 1020 vitae
1209 989 1389 1020 terminum.

855 1063 862 1069 .
893 1036 1005 1069 Iustus
1017 1045 1086 1067 non
1100 1036 1354 1074 conturbabitur,
1374 1040 1453 1076 quia

894 1084 1061 1116 Dominus
1086 1083 1198 1123 fiir-mat
1215 1093 1355 1115 mmmm
1372 1084 1452 1116 eius.

958 1198 1004 1230 In
1032 1200 1063 1232 3.
1090 1196 1325 1232 NocturnO.

1041 1272 1238 1309 Antiphonae.

862 1357 870 1365 .
898 1331 1039 1371 Cumque
1063 1331 1226 1363 immensis
1252 1330 1402 1363 laudibus

894 1377 1091 1419 Praefertur,
1116 1379 1310 1419 apostolicus

894 1428 980 1461 Vere
1004 1426 1146 1460 favorem
1171 1427 1284 1467 populi

893 1476 993 1516 Fugit
1016 1479 1053 1507 ut
1076 1476 1203 1514 petram
1226 1474 1381 1507 scandali.

863 1558 872 1565 .
897 1530 1068 1566 Profectus
1094 1540 1168 1571 ergo
1195 1540 1331 1573 peregre

896 1580 1032 1613 Tarsum
1059 1578 1187 1611 volebat
1212 1588 1358 1620 pergere,

895 1627 943 1660 Ut
966 1627 1048 1660 nulli
1073 1630 1166 1659 notus
1191 1628 1328 1668 amplius

897 1676 1034 1709 Sederet
1058 1676 1231 1709 solitarius,

866 1760 872 1766 .
899 1731 964 1765 Sed
993 1759 1320 1768 ..........

896 1807 1047 1862 inkituin'
1062 1830 1192 1869 mptum
1215 1810 1343 1861 flatibus

897 1875 1002 1909 Infert
1025 1877 1178 1909 Romanis
1203 1876 1331 1910 finibus.

1035 1953 1246 1989 Responsoria.

866 2036 873 2043 .
902 2011 1047 2044 Instante
1072 2012 1134 2043 iam
1162 2012 1308 2051 articulQ

896 2059 964 2098 Quo
989 2059 1145 2100 migraret
1169 2069 1189 2091 a
1213 2060 1351 2100 saeculo,

897 2106 1005 2139 Vitam
1034 2116 1123 2139 suam
1151 2107 1344 2140 Christicola

897 2154 995 2188 Brevi
1020 2155 1134 2187 scribit
1158 2156 1305 2196 epistola,

855 2227 863 2235 .
897 2201 940 2235 Ut
965 2206 1136 2243 cognoscat
1159 2203 1323 2244 generatio
1342 2204 1457 2239 altera.

864 2287 870 2293 .
896 2260 1060 2293 Adstante
1084 2260 1170 2292 omni
1194 2261 1313 2301 populo

895 2308 1020 2340 Audita
1046 2310 1096 2340 est
1119 2317 1182 2341 vox
1209 2309 1249 2341 de
1275 2311 1373 2351 caelo,

898 2357 986 2395 Quae
1007 2357 1235 2397 requirendum
1259 2360 1397 2401 nuntiat,

898 2404 958 2445 Qui
982 2413 1042 2445 pro
1068 2405 1171 2438 Roma
1194 2406 1378 2443 intercedat
