1653 2567
731 119 990 156 —271-—

195 202 228 239 Α,
250 205 267 235 6
293 207 498 240 demonstrans
520 212 552 249 G,
580 218 819 250 praemonstrans
841 217 978 244 omnibus
998 215 1032 244 B.
1052 231 1089 236 -—
1109 218 1154 245 111
1178 215 1201 244 1.
1220 217 1328 253 Vesp.
1349 216 1396 244 Ad
1415 216 1516 253 Magn.

194 242 227 278 Α,
251 244 284 273 11
306 256 385 275 nunc
404 251 489 284 pater
515 250 546 278 C.
567 268 606 272 —
625 253 701 281 Ibid.
725 252 760 281 12
786 254 904 283 Christo
928 263 1055 291 regnans
1076 257 1109 283 in
1129 257 1160 283 B.
1182 269 1218 273 —
1240 255 1298 283 Die
1317 255 1516 292 zugehorigen

194 282 336 318 Hymnen
354 286 415 322 vgl.
436 287 522 315 Anal.
544 291 657 326 XXIII,
680 290 735 321 168
756 301 798 329 sq.
821 292 879 321 und
899 293 981 329 X1X,
1006 291 1068 322 125.

652 382 699 414 95.
730 384 774 415 De
795 386 905 416 saneto
927 385 1062 417 Elisaeo.

325 448 375 480 In
401 448 432 483 1.
460 448 680 492 Vesperis.
954 456 1000 488 Et
1022 456 1110 488 necis
1136 456 1202 487 eius
1226 458 1400 489 minatores

195 513 235 545 R,
266 514 472 547 Admiranda
497 519 652 551 sanctitas
1003 503 1169 537 Adversus
1194 512 1263 535 eum
1290 507 1516 538 convenerunt„

314 563 366 595 Ex
393 564 485 603 copia
510 567 685 606 gratiarum
898 562 929 594 3.
958 560 1022 593 Sub
1050 559 1116 593 fide
1139 561 1202 593 Dei
1226 562 1456 600 promissorum

363 611 427 643 Per
450 610 565 646 fideles
590 616 762 657 recolatur,
1007 609 1060 640 Ad
1086 609 1257 641 Dominum
1285 609 1487 652 exclamavit,

268 656 354 690 Dum
380 662 541 700 gestorum
567 663 729 702 quantitas
959 656 1004 688 Εἰ
1028 666 1047 688 a
1074 657 1181 689 derisu
1205 666 1376 697 PUffl'ffl'um

319 706 483 747 Principis
507 710 738 749 prophetarum
1008 704 1203 744 Prophetam
1228 705 1415 737 vindicavit.

364 754 485 788 Elisaei
510 761 715 802 memoratur,

265 800 349 833 Nam
375 803 408 834 in
433 803 501 835 vita
527 807 560 836 et
583 805 616 836 in
641 810 745 839 morte

267 848 330 882 Dei
356 850 458 882 claret
482 860 585 892 aequa
608 855 696 886 sorte

1096 780 1304 815 Responsoria.

900 828 931 860 1.
957 827 1049 859 Elias
1074 831 1168 868 pater
1191 828 1321 861 inclitus

1007 876 1166 908 Ascendit
1189 877 1376 917 paradisum

1053 923 1210 964 Angelica
1233 927 1375 965 vectura,

957 971 1037 1003 Eius
1062 971 1201 1011 replevit
1225 972 1358 1012 spiritus

1006 1018 1167 1050 Elisaeum
1194 1020 1359 1058 provisum

1053 1065 1184 1106 Duplici
1208 1075 1375 1110 mensura3

885 1113 923 1145 V.
954 1113 1090 1146 Animus
1116 1114 1245 1145 assidue

384 1165 429 1193 Ad
449 1165 631 1203 Magnificat.
1005 1162 1095 1200 Ignei
1120 1161 1246 1193 ardoris

956 1208 1024 1240 Nos
1049 1209 1197 1241 sublevet
1220 1210 1359 1249 gratuite

1006 1255 1160 1288 Vehiculo
1186 1258 1315 1290 amoris.

316 898 423 938 Signis
450 901 483 930 et
505 900 680 936 miraculis.

191 944 230 977 V.
266 944 441 977 Sunamitis
465 945 569 980 filium

315 993 430 1025 Vivum
456 995 625 1027 suscitavit

268 1040 312 1073 Et
339 1041 478 1074 cadaver
504 1046 663 1075 mortuum

312 1088 493 1122 Defunctus
518 1091 687 1124 recreavit.

192 1224 233 1256 A.
265 1223 386 1264 Magna
411 1222 492 1256 fecit
514 1228 628 1265 potens
654 1225 752 1265 Deus,

264 1270 349 1303 Dum
374 1272 426 1303 vir
450 1276 580 1304 sanctus
605 1272 754 1305 Elisaeus

264 1319 328 1351 Per
351 1319 459 1351 Eliam
487 1320 692 1353 Carmelitam
897 1315 928 1347 2.
954 1313 1049 1345 Eliae
1076 1314 1219 1354 chlamys
1243 1314 1395 1346 candidus

262 1365 461 1399 Sanctiorem
488 1368 626 1409 sumpsit,
651 1369 767 1410 vitam;
1003 1362 1067 1393 ΡθῙ·
1091 1360 1234 1394 flammas
1259 1362 1342 1403 ignis
1367 1362 1484 1394 iacitur

263 1414 315 1447 De
340 1425 418 1456 agro
444 1424 581 1456 namque
606 1421 738 1449 vocatus
954 1409 1000 1441 Et
1023 1409 1171 1442 Elisaeus
1196 1410 1310 1442 avidus

263 1462 309 1494 Et
334 1463 522 1503 parentibus
548 1464 702 1497 osculat-„is
1004 1456 1205 1497 Captandum
1230 1458 1316 1489 hunc
1332 1457 1516 1490 adtrahitur

263 1509 421 1551 Notisque
446 1512 512 1544 suis
538 1511 653 1543 cibatis
1052 1505 1219 1546 Explicite
1242 1505 1453 1540 obfuscatum.

265 1557 460 1599 Prophetam
475 1568 609 1600 surgens
624 1563 671 1591 est
685 1564 824 1594 secutus,
883 1552 921 1586 V·
953 1552 1101 1585 IOI'daffiS
1127 1552 1243 1585 flumen
1271 1554 1426 1595 Caeditur.-

955 1602 1019 1633 Per
1044 1602 1176 1641 pallium
1205 1601 1407 1644 disiungitur,

334 1655 398 1687 Ad
420 1654 691 1689 MatutinunL
954 1649 1021 1680 Iter
1046 1650 1193 1690 pandens
1220 1650 1363 1681 cernitur

954 1696 999 1728 Et
1024 1697 1070 1729 sic
1095 1706 1154 1738 per
1178 1700 1281 1729 tutum
1307 1697 1464 1738 graditur.

896 1756 916 1788 3
955 1754 1084 1787 Elisaee
1110 1755 1293 1796 carmelita,

955 1803 1062 1835 Vestis
1089 1805 1145 1835 tua
1171 1803 1344 1843 dispartita

954 1850 1088 1883 Fratres
1112 1855 1185 1883 tuos
1210 1856 1303 1883 ornet
1326 1851 1373 1882 ita

953 1899 1114 1942 virtuose,
1140 1903 1177 1931 ut
1202 1908 1272 1931 cum
1298 1900 1365 1931 vita

1003 1947 1148 1980 Heredes
1172 1948 1237 1979 sint
1263 1946 1414 1985 aetherei,

885 1996 920 2029 V.
957 1995 1092 2027 Pallium
1119 1996 1218 2027 latum
1245 2005 1305 2036 per
1329 1995 1448 2037 Eliam,

952 2043 1084 2076 Elisaeo
1109 2052 1169 2083 per
1194 2044 1338 2084 aurigam

409 2097 608 2133 Antiphonae.
1001 2091 1133 2131 Igneum
1160 2091 1245 2131 quod
1270 2089 1478 2125 transfertur.

393 1721 613 1750 Invitatorium.

261 1780 444 1814 Adoremus
462 1790 568 1822 regem
594 1789 703 1821 regum

313 1829 458 1861 Laudum
487 1838 557 1861 cum
583 1830 767 1872 praeconio,

258 1877 317 1917 Qui
343 1877 464 1909 locavit
487 1877 650 1910 Elisaeum

309 1927 348 1959 In
375 1925 535 1958 caelorum
562 1926 655 1960 solio.

319 2023 366 2054 In
396 2022 426 2054 1.
453 2021 692 2054 Nocturno.

203 2155 233 2189 1.
259 2155 421 2196 Elisaeus,
447 2156 497 2187 vir
522 2155 647 2195 beatus,

309 2204 482 2245 Sapienter
508 2205 557 2235 est
581 2203 733 2245 imbutus,
993 2187 1009 2219 Ῑ
1019 2197 1038 2218 ¹¹
1066 2190 1097 2222 2·
1127 2187 1155 2219 N
1166 2196 1183 2219 ⁰
1194 2196 1212 2218 ⁰
1220 2191 1234 2218 t
1242 2198 1262 2219 ¹¹
1273 2198 1290 2219 r
1299 2197 1318 2218 ¹¹
1330 2196 1358 2221 ⁰·

260 2251 379 2293 Legem
403 2251 465 2283 Dei
490 2251 665 2284 meditatus
1095 2262 1292 2299 Antiphonae.

307 2301 353 2333 Et
378 2309 449 2333 eam
475 2303 524 2332 25ss
547 2306 749 2340 prosecutus·
893 2313 923 2345 1.
950 2312 1028 2345 Filii
1053 2313 1226 2354 hominum,
1253 2314 1315 2345 hoc
1338 2313 1462 2353 scitote,

199 2360 232 2391 2.
260 2357 375 2399 Syriae
398 2357 485 2398 regis
511 2358 685 2390 servitores
951 2359 1031 2399 Quia
1055 2360 1211 2392 Dominus
1236 2364 1380 2394 sanctum

308 2406 473 2439 Elisaeum
499 2406 706 2448 quaesierunt,
1001 2417 1091 2440 suum
1116 2407 1302 2443 mirificavit
