1653 2567
147 182 179 213 2.
207 181 333 213 Annam
357 183 477 222 nuptae
502 182 686 213 reverenter

252 228 423 260 Extollunt
448 229 636 268 praeconiis,

206 276 272 309 Eas
294 277 382 309 iuvet
406 279 441 308 ut
467 277 617 308 decenter

256 324 294 356 ln
319 324 385 356 suis
412 323 574 364 coniugiis,

149 382 179 414 3.
206 382 320 414 Annae
344 389 456 421 preces
484 382 557 413 dum
584 381 745 413 exundant

255 429 318 461 Pro
342 432 513 468 nuptarum
536 429 641 466 venia,

207 477 330 510 Matres
357 476 459 508 ditant
486 479 517 507 et
543 474 715 508 fecundant

255 523 429 555 Nutriendi
453 523 566 564 gratia.

150 583 180 614 4.
208 581 334 613 Annam
360 580 462 612 clerus
486 583 656 612 veneretur

255 627 425 660 Postulans
450 627 609 670 suffragia,

209 676 256 708 Ut
279 675 404 707 Mariae
429 683 486 713 per
511 676 571 706 hoc
595 675 687 707 detur

256 723 375 763 Magna
399 722 589 756 reverentia.

152 781 182 812 5.
209 779 313 819 Anna,
339 778 445 810 Maria
470 778 618 818 precibus

258 826 382 858 Olerum
409 828 440 857 et
465 826 631 858 ecelesiam

215 872 411 913 Confortent‚
438 875 473 904 ut
496 874 528 905 in
555 872 699 905 omnibus

253 920 388 953 Servent
414 920 649 953 continentiam.

326 994 372 1022 Ad
391 994 576 1023 Benedictus.

138 1055 179 1086 A.
209 1053 311 1086 Nobis
336 1057 404 1084 erat
429 1052 491 1084 hoe
513 1060 654 1091 neeesse,

213 1101 303 1140 Quod
327 1100 461 1133 virendo
487 1099 580 1132 radix
603 1100 691 1132 Iesse

255 1149 386 1189 Virgam
408 1147 635 1187 introduceret,

891 181 941 213 De
967 190 1029 221 qua
1054 180 1144 220 virga
1168 178 1225 210 flos
1252 175 1404 216 prodiret,

894 228 953 268 Qui
978 229 1114 261 nudatos
1140 224 1309 259 revestiret,

939 275 982 308 Et
1007 284 1119 317 aegros
1145 273 1301 310 reficeret,

891 323 1091 364 Devietoque
1113 322 1226 354 mortis
1250 318 1327 351 felle

892 371 1029 403 Deitatis
1054 379 1145 402 sacro
1170 369 1265 401 melle

936 418 1003 451 Nos
1028 427 1153 450 sursum
1178 417 1333 457 erigeret3

888 466 968 505 Hoc,
994 465 1109 504 Maria,
1135 463 1193 497 fios
1221 465 1363 499 decorus,

889 514 978 546 Iesus
1006 513 1107 546 dulcis
1135 514 1166 544 et
1191 519 1326 552 saporus

938 560 1007 592 Tua
1031 568 1127 601 prece
1154 558 1308 591 conferet..

955 685 1000 717 In
1026 687 1056 717 2.
1084 682 1305 725 Vesperis.

1002 759 1048 786 Ad
1067 757 1249 794 Magnificat.

851 841 858 848 .
892 816 1006 848 Mundi
1032 816 1135 847 earnis
1161 817 1192 846 et
1220 816 1381 847 daemonis

937 863 1054 896 Astuta
1079 872 1118 894 ne
1144 863 1266 895 malitia

890 911 956 943 Nos
983 913 1125 942 conterat
1149 909 1181 941 in
1207 909 1294 943 vitiis

939 957 984 990 Et
1007 958 1113 990 trahat
1138 958 1181 989 ad
1205 958 1373 998 supplicia,

889 1006 984 1037 Anna
1007 1004 1099 1037 nobis
1125 1008 1157 1036 et
1180 1003 1257 1046 filia,

938 1052 1058 1085 Plenae
1081 1052 1236 1085 virtutum
1261 1053 1374 1092 gratia,

892 1099 1058 1132 Salvantes
1084 1109 1102 1131 a
1132 1099 1261 1132 miseria

958 1146 1060 1179 Grata
1085 1146 1193 1179 ferant
1216 1145 1378 1188 suffragia.

215 1213 299 1241 Brev.
315 1212 505 1240 Nidro-‚iense
524 1214 592 1247 imp.
607 1212 731 1239 Parisiis
748 1209 828 1239 1519.
851 1226 886 1230 —
907 1212 1015 1240 Invit-
1039 1211 1053 1239 1
1073 1213 1200 1240 Mariam
1220 1215 1249 1239 et
1268 1211 1392 1240 Annam.
1413 1227 1450 1231 -—

140 1252 180 1279 In
200 1249 226 1278 2.
247 1251 349 1279 Nnct.
373 1248 392 1276 R
417 1249 440 1283 1,
460 1248 479 1277 4
507 1250 684 1285 castumque
703 1252 827 1277 servent.
855 1264 892 1268 —
920 1248 940 1276 R
962 1247 988 1283 3,
1009 1248 1026 1277 5
1052 1258 1166 1285 semper
1186 1251 1320 1278 meretur.
1376 1266 1384 1269 <
1407 1251 1449 1277 In

140 1288 250 1316 Laud.
272 1289 317 1316 Ad
336 1289 407 1315 Ben.
422 1287 439 1315 2
461 1287 543 1321 Quod
564 1287 699 1315 vivendo.
721 1301 756 1307 -ν
778 1284 821 1315 Zu
842 1287 905 1315 dem
927 1286 1061 1317 Officium
1080 1288 1208 1323 gehereu
1229 1288 1275 1315 die
1297 1289 1450 1323 Hymnen:

139 1326 226 1354 Salve
242 1335 348 1361 parens
363 1326 457 1359 Anna,
477 1325 573 1354 Arbor
595 1328 639 1353 est
660 1325 737 1353 altae
756 1325 870 1360 gloriae
889 1326 948 1353 und
968 1326 1054 1353 Anna
1073 1329 1208 1353 matrona
1228 1327 1370 1361 maxima;
1390 1327 1449 1362 vgl.

140 1364 307 1400 Klemming
329 1364 389 1398 111,
413 1361 462 1397 12,
486 1362 523 1391 14
540 1363 601 1390 und
623 1361 666 1390 19.
705 1363 859 1391 Ebendort
883 1365 925 1391 ist
944 1363 1039 1391 dieses
1062 1363 1196 1391 Officium
1219 1365 1379 1399 mitgeteilt
1398 1372 1451 1392 aus

139 1403 224 1430 Brev.
240 1403 424 1438 Lineopense
444 1403 512 1437 imp.
534 1401 744 1437 Norimbergae
767 1399 839 1430 1493
860 1403 914 1429 mit
933 1402 984 1429 der
1002 1402 1125 1438 Angabe
1146 1401 1190 1438 „N
1197 1402 1340 1430 ieolaus
1361 1401 1451 1430 Her-

143 1449 170 1467 m
178 1448 220 1468 an
227 1448 248 1467 n
255 1441 279 1474 i,
302 1441 389 1476 episc.
410 1437 586 1475 Lineopen.“

614 1522 660 1552 22.
691 1521 734 1553 De
757 1522 868 1553 saneta
888 1522 987 1553 Anna.

281 1594 327 1626 In
354 1593 384 1625 1.
412 1592 626 1633 Vesperis.

325 1648 372 1676 Ad
389 1648 568 1684 Magnifieat.

140 1699 181 1733 A.
213 1699 237 1731 Ο
263 1696 342 1729 felix
364 1698 467 1739 Anna,

261 1754 278 1777 o
304 1747 424 1788 sancta,
451 1753 469 1776 o
494 1744 673 1782 benedicta,

217 1793 303 1831 Quae
327 1792 470 1824 meruisti

261 1843 364 1872 mater
389 1848 457 1871 esse
481 1839 592 1872 matris
619 1838 748 1880 Christi,

213 1887 273 1921 Pia
297 1888 399 1920 Deum
426 1896 521 1920 exora

216 1935 278 1968 Pro
304 1935 395 1968 nobis
421 1937 452 1967 et
476 1934 622 1977 implora,

215 1982 271 2023 Ut,
284 1984 341 2023 qui
349 1986 405 2015 tua
419 1982 583 2015 celebrant
591 1983 767 2021 sollemnia,

215 2031 436 2064 Perdueantur
460 2030 502 2062 ad
528 2029 687 2063 caelestia.

277 2107 339 2140 Ad
361 2106 550 2138 Matutin
562 2115 632 2138 um.

347 2162 564 2191 Invitatorium.

217 2212 396 2244 Adoremus

266 2262 375 2292 natum
399 2260 513 2291 summi
537 2260 640 2300 patris

217 2309 257 2341 In
280 2307 400 2339 honore
414 2308 537 2348 Annae,

267 2355 379 2387 matris
404 2363 481 2387 suae
504 2355 625 2388 matris.

957 1592 1002 1624 In
1030 1593 1060 1626 1.
1089 1592 1319 1625 Nocturno.

1040 1687 1238 1722 Antiphonae.

837 1764 866 1796 1.
895 1763 1031 1796 Reditus
1056 1773 1192 1805 namque
1218 1773 1291 1797 suos

942 1812 976 1843 in
1000 1814 1109 1851 partes
1137 1812 1334 1852 dividebant,

898 1858 1036 1897 Quarum
1061 1860 1198 1900 primam

939 1908 1058 1946 templo
1083 1907 1268 1942 offerebant.

838 1989 871 2021 2.
897 1988 1080 2027 Peregrinis
1106 1991 1136 2020 et
1162 1989 1270 2028 egenis

946 2036 1120 2075 erogabant
1145 2035 1251 2079 aliam,

897 2082 967 2115 Sibi
991 2086 1024 2114 et
1048 2082 1190 2116 familiae

945 2130 1155 2164 reservabant
1177 2132 1316 2165 tertiam.

843 2213 875 2245 3.
903 2210 980 2244 Cum
1004 2211 1052 2243 sio
1076 2221 1194 2244 annum
1219 2215 1444 2253 pervenissent

949 2259 1059 2299 Usque
1084 2261 1125 2292 ad
1152 2260 1336 2293 vicesimum

900 2306 946 2339 Et
961 2308 1086 2347 prolem
1103 2308 1244 2342 nondum
1261 2309 1460 2353 habuissent,

949 2354 1054 2388 Erant
1076 2355 1109 2387 in
1135 2357 1355 2397 opprobrium.
