1653 2567
699 127 959 163 ——229—

240 221 377 254 Debitus
402 222 452 254 his
474 224 594 256 sanctis

285 277 345 301 nec
370 269 503 301 sileatur
527 270 639 304 honor.

178 327 211 359 4.
239 326 264 358 O
290 312 417 367 medici,
443 328 561 359 nostris

286 371 449 406 infundite
473 374 648 413 pharmaca
672 376 787 417 plagis,

236 421 282 453 Et
306 421 414 452 manui
440 422 558 453 cedant

286 469 421 501 vulnera
444 472 556 502 nostra
580 478 703 504 sacrae.

203 554 209 561 .
237 526 353 559 Gosma
376 529 480 566 pater,
506 528 626 559 nostris

283 575 420 606 clemens
447 574 639 608 clamoribus
665 576 746 607 assis

235 621 345 662 Teque
370 622 450 654 doce
473 623 570 655 terris

282 678 346 702 non
371 669 522 703 habuisse
545 679 668 711 parem.

366 745 413 773 Ad
431 745 613 782 Magnifica&

198 827 205 835 .
240 804 355 836 Multis
381 806 563 837 sanctorum

279 852 437 893 speciales
462 852 593 884 vincere
617 853 746 885 morbos

235 900 303 932 Dat
325 900 424 944 Deus,
452 902 505 933 ast
527 901 621 933 nobis

283 949 422 991 vincere,
451 948 610 989 quidquid
637 948 740 983 obest.

234 995 415 1029 Particulas
442 995 509 1035 alii,

281 1052 340 1076 vos
363 1046 466 1075 totum
489 1051 605 1083 corpus
629 1042 757 1075 habetis

237 1092 365 1124 Pellere
390 1094 479 1123 trans
505 1090 633 1123 morbos

284 1148 341 1171 seu
365 1139 512 1179 rapuisse
536 1139 618 1173 neci.

294 1235 340 1266 In
367 1234 675 1273 completorio.

327 1300 374 1327 Ad
393 1300 481 1328 Nunc
500 1299 634 1328 dimittis.

199 1382 206 1390 .
241 1357 400 1390 Subiimes
425 1357 503 1390 facti

282 1415 339 1439 vos
365 1407 472 1438 carnis
497 1408 600 1438 morte
625 1406 782 1445 cadendo,

238 1453 335 1486 Clara
358 1453 547 1494 triumphali

283 1501 431 1542 premitis
464 1501 518 1541 qui
543 1502 653 1534 sidera
677 1511 798 1542 gressa,

238 1548 355 1582 Sacros
379 1550 413 1581 in
438 1552 543 1581 terras

283 1597 391 1630 oculos
419 1594 590 1640 deflectite‚
616 1599 724 1629 vestra

236 1644 283 1678 Ut
307 1646 363 1686 qui
387 1643 474 1678 festa
498 1645 617 1689 colunt,

285 1693 349 1726 iam
375 1693 481 1725 laudis
506 1693 598 1726 lucra
622 1695 797 1733 reportent.

304 1789 367 1821 Ad
391 1789 661 1821 Matutinum.

368 1856 586 1883 Invitatorium.

235 1914 330 1946 Nunc
354 1915 534 1955 adoremus,

282 1972 343 2004 quo
371 1962 500 1996 Cosmas
535 1972 596 2003 quo
621 1961 799 1995 Damianus

232 2010 349 2052 Aegris
375 2011 539 2044 salvificas

278 2060 461 2101 imposuere
486 2068 609 2091 manus.

295 2157 345 2189 In
373 2156 406 2189 1.
430 2155 662 2189 Nocturno.

381 2221 579 2259 Antiphonae.

173 2283 205 2316 1.
232 2281 328 2315 Nunc
352 2282 408 2322 pia
432 2283 616 2314 sanctorum

280 2332 432 2362 resonent
453 2330 624 2363 sollemnia
645 2326 794 2371 fratrum,

234 2377 373 2417 Quorum
399 2386 572 2419 corporeus

280 2425 419 2459 vincitur
443 2434 545 2466 angor
570 2434 640 2466 ope.

873 227 904 259 2.
932 224 983 256 Ne
1007 234 1066 257 sua
1089 225 1245 264 sacrilego

978 270 1174 304 frustrarent
1197 273 1329 312 pectora
1352 282 1489 315 nummo,

930 318 1018 350 Dant
1043 320 1152 360 gratis,
1179 319 1278 360 gratis

979 366 1064 406 quod
1090 375 1189 406 genus
1215 367 1294 398 artis
1320 366 1449 400 habent.

898 449 906 456 .
932 424 1000 455 Iam
1026 432 1086 455 sua
1112 422 1264 455 divitibus

979 470 1024 502 nil
1048 474 1183 511 prosunt
1199 478 1343 514 munera,
1368 480 1493 511 pauper

931 517 1117 558 Languidus
1142 519 1264 558 absque
1286 518 1380 559 stipis

978 574 1109 598 munere
1133 575 1229 598 sanus
1254 566 1334 599 abit.

1069 669 1279 705 Responsoria.

893 762 902 770 .
926 736 1107 777 Theodora,
1132 736 1211 769 felix

980 788 1012 817 et
1036 785 1209 827 splendida
1229 786 1353 825 pariter
1377 790 1489 826 mater,

931 829 1107 877 [Hymnos]
1135 834 1178 865 ad
1203 833 1355 866 altisonus

977 881 1057 912 assis
1084 889 1152 912 cum
1175 881 1265 923 prole
1289 881 1393 921 beata,

890 956 897 963 .
926 928 975 960 Tu
1000 928 1059 960 tibi
1086 937 1156 960 cum
1178 929 1263 961 natis

980 985 1160 1008 communes
1184 977 1312 1016 suscipe
1336 977 1459 1009 laudes.

896 1060 903 1066 .
929 1034 993 1065 Per
1017 1037 1051 1065 te
1076 1042 1230 1073 corporeo

980 1081 1083 1122 surgit
1106 1081 1265 1113 medicina
1293 1081 1405 1119 dolori,

929 1128 1040 1160 Vincit
1062 1128 1170 1160 Arabs
1198 1127 1329 1162 Cosmas

977 1185 1106 1216 aegrum
1120 1176 1295 1208 Damianus
1313 1179 1346 1208 et
1361 1175 1488 1217 orbem3

891 1249 897 1256 .
928 1224 1109 1255 Vanescunt
1132 1223 1266 1264 pulchro

978 1272 1056 1303 victi
1082 1273 1256 1304 certamine
1280 1271 1394 1304 morbi.

896 1357 903 1363 ,
929 1327 971 1360 Hi
1000 1329 1132 1360 doctore
1155 1330 1226 1362 Deo

976 1374 1159 1417 fulgescunt
1182 1379 1253 1409 arte
1277 1376 1437 1417 medendi,

931 1423 996 1456 Cur
1021 1428 1053 1456 et
1076 1424 1283 1464 philosophos

953 1473 986 1503 et
1009 1474 1117 1504 terrea
1143 1472 1292 1513 dogmata
1315 1473 1456 1514 vincunt,

890 1545 897 1553 .
927 1520 1049 1552 Pravos
1074 1519 1196 1560 ingenti

973 1576 1078 1600 mores
1105 1567 1224 1599 virtute
1242 1568 1424 1600 retrudunt.

993 1712 1040 1744 In
1067 1712 1099 1745 2.
1126 1711 1358 1746 NocturnO.

1083 1806 1281 1842 Antiphonae-

893 1899 900 1907 .
928 1874 996 1907 Hos
1020 1877 1137 1906 natura
1159 1873 1237 1905 colit

975 1922 1108 1963 querulo
1133 1921 1278 1954 subiecta
1305 1922 1423 1964 dolore,

928 1969 1175 2010 Humanumque
1199 1973 1292 2001 sonet

975 2019 1072 2052 anxia
1097 2020 1170 2050 vota
1195 2026 1305 2059 genus.

894 2103 901 2109 .
929 2074 1077 2116 Quisquis
1104 2076 1177 2118 eris,
1203 2075 1333 2108 morbos

976 2124 1030 2164 qui
1055 2122 1178 2163 suffers,
1205 2132 1325 2163 organa
1348 2124 1462 2155 laxans

928 2171 1035 2203 Sacris
1060 2171 1279 2204 harmonicum

975 2218 1130 2252 fratribus
1155 2220 1215 2252 ede
1239 2219 1348 2253 melos

893 2304 901 2312 .
927 2277 1030 2310 Fessa
1053 2278 1147 2310 malis
1173 2279 1288 2310 curant

973 2335 1038 2358 non
1054 2328 1177 2359 tantum
1204 2333 1350 2368 corpora,
1376 2335 1487 2358 verum

926 2374 1087 2407 Labentes
1113 2374 1235 2406 animas

975 2431 1056 2455 cana
1080 2421 1139 2454 sub
1163 2422 1229 2455 ima
1253 2422 1364 2463 stygis.
