1653 2567
679 91 939 127 —106—

157 194 196 228 V.
227 194 295 226 Tuo
320 192 427 225 obtine
451 194 593 232 precatu,
1026 204 1072 231 Ad
1093 201 1277 230 Benedictus.

229 240 275 273 Ut
298 241 394 273 lentis
422 240 556 272 donetur

229 288 354 320 Semitas
379 287 538 326 mentalis,
839 283 879 315 A.
909 281 1102 314 Benedictus
1128 288 1233 311 rerum
1259 276 1396 309 omnium

230 335 418 368 Liberemur
442 344 461 366 a
486 335 589 373 malis,
913 328 1066 362 Conditor
1090 325 1265 368 magnifiee,

233 382 328 415 Calor
354 386 386 414 et
409 392 497 414 amor
911 377 971 416 Qui
995 375 1086 408 sexui
1113 374 1248 407 femineo

235 430 362 462 Crescat
387 431 418 462 in
444 429 546 462 nobis,
914 425 1055 457 Palmam
1081 422 1233 455 victoriae
1260 418 1431 458 contulisti,

911 471 959 504 Ut
985 474 1096 503 sancta
1117 471 1151 502 in
1176 469 1350 509 Apollonia

324 524 367 556 In
391 523 622 557 Laudibus,
912 518 1039 551 Dedisti
1063 525 1201 557 cernere,

374 598 560 634 Antiphonae
913 567 1000 606 Quae
1023 567 1156 598 mortem
1180 564 1329 604 perdens,

914 614 1019 645 Vitam
1045 614 1208 653 reperiens

180 658 209 690 1.
236 656 416 689 Laudemus
430 656 620 688 salvatorem
637 654 783 696 omnium,
916 661 1034 701 Migrat
1059 661 1098 692 ad
1128 658 1285 692 modestia,

235 704 293 743 Qui
319 704 443 736 vineam
468 711 555 734 suam
581 704 760 733 sanctorum

237 751 299 782 Per
322 750 468 790 prodigia

234 796 455 830 Fructifieavit
478 797 578 830 varia.
983 805 1031 835 In
1055 805 1088 835 2¹
1114 802 1331 840 Vesperi&

180 857 210 889 2.
237 855 337 886 Beata
361 853 531 894 Apollonia

236 902 348 933 Hostis
373 902 538 938 versutias,
1035 896 1079 923 Ad
1098 895 1278 932 Magnis-leat.

235 948 348 981 Mun‘h
374 951 553 988 §purcmas'
845 974 886 1006 A.
915 973 939 1005 O
965 975 1057 1013 pater
1081 972 1330 1014 misericordiae,

918 1019 1012 1051 Cuius
1037 1020 1140 1060 gratia

966 1068 1071 1099 omnia
1098 1067 1284 1103 subsistunt,

917 1112 1010 1146 Fons·
1028 1114 1200 1146 immensae
1224 1114 1362 1154 pietatis,

920 1161 1014 1194 Cuius
1038 1161 1143 1201 liquor
1168 1164 1286 1192 terram

963 1207 1135 1240 fruetificat
1158 1209 1293 1244 aridam,

918 1255 1073 1287 Miserere
1096 1258 1300 1294 peecatorum

964 1303 1111 1334 oneribus
1136 1303 1285 1345 gravatis,

240 995 419 1028 Caelibatus
444 993 522 1027 flore
548 996 664 1037 dotata,

239 1043 365 1082 sprevit
391 1044 426 1073 ut
452 1042 591 1075 sordida.

182 1102 212 1134 3.
239 1099 365 1132 Amoris
391 1098 530 1130 brachiis

240 1147 398 1180 Christum
425 1145 636 1187 amplectitur,

241 1193 360 1225 Renuit
385 1193 542 1225 consolari

240 1240 356 1272 Mundi
372 1240 405 1271 in
432 1239 563 1280 deliciis,

243 1287 325 1326 Quas
350 1288 461 1326 plenas
486 1285 573 1318 fatur
599 1287 692 1318 vitiis.

180 1345 213 1378 4.
240 1343 383 1396 Praebet·
401 1343 514 1374 SOIatia
919 1350 992 1381 Tibi
1018 1350 1099 1381 enim
1125 1350 1184 1382 soli
1209 1351 1409 1390 peccavimus

287 1391 387 1423 Msttl'l
412 1390 586 1443 ᾶθὸθῖἃΐὲξθῖ
920 1397 965 1430 Et
987 1398 1072 1429 mala
1095 1406 1201 1429 coram
1224 1401 1258 1429 te
1281 1396 1425 1436 fecimus,

244 1438 343 1470 Grata
367 1438 441 1469 <lum
466 1445 609 1489 eouvma
920 1443 1054 1485 Largiro
1079 1445 1276 1484 supplicibus
1302 1446 1364 1477 tuis

290 1486 436 1525 Aguntur
463 1484 608 1516 flehssa‘ffi-
922 1490 1043 1523 Lumen
1067 1492 1255 1524 visitationis
1279 1495 1362 1535 tuae,

245 1532 382 1564 SUSCitat
406 1529 595 1563 iflfffll'ffllum
923 1539 970 1572 Ut
992 1539 1054 1570 iter
1081 1538 1197 1571 ducens
1221 1540 1264 1573 ad
1288 1540 1386 1572 vitam

243 1579 377 1611 Temere
401 1577 549 1610 ablatum.
970 1586 1169 1627 attingamus,

187 1639 217 1669 5.
243 1636 366 1676 Agnum
393 1636 461 1666 sine
482 1635 607 1666 macula
922 1632 1049 1665 Suffulti
1073 1633 1185 1665 beatae
1210 1634 1411 1675 Apolloniae,

292 1683 399 1714 Morte
422 1681 565 1721 pretiosa
919 1680 1073 1721 Martyris
1098 1683 1173 1712 tuae
1196 1681 1356 1722 suffragio,

246 1729 419 1762 Comitatur
443 1731 554 1760 tenera
922 1728 1021 1761 Plena
1046 1729 1187 1768 corporis
1214 1732 1246 1760 et
1270 1729 1394 1761 animae

294 1778 390 1816 Virgo
415 1777 568 1817 speciosa,
924 1774 1066 1808 Sanitate
1093 1784 1242 1808 concessa

246 1825 382 1864 Propter
409 1822 568 1855 Christum
593 1822 780 1863 decollatur,
926 1822 1053 1855 Gaudia
1075 1822 1203 1856 siderea

247 1871 324 1911 Ipsa
347 1880 366 1902 a
390 1880 449 1911 quo
474 1871 645 1903 laureatur.
972 1870 1201 1910 possideamus.

252 1946 337 1972 BreV.
363 1953 415 1972 ms.
438 1943 654 1972 Onolsbaeense
680 1951 756 1971 saec.
781 1942 824 1971 15.
868 1944 936 1971 Ood.
958 1945 1177 1981 Wirceburgen.
1205 1946 1283 1973 Meh-
1303 1956 1319 1974 o
1340 1946 1366 1976 3.
1387 1949 1421 1976 A.
1443 1964 1480 1969 —

176 1984 260 2012 Brev.
288 1992 340 2011 ms.
362 1983 536 2010 Pataviense
563 1990 638 2009 saec.
661 1979 704 2009 15.
743 1981 812 2009 Cocl.
838 1982 1072 2020 Doneschingen.
1099 1980 1163 2011 315.
1185 1984 1218 2011 Β.
1239 1999 1274 2003 —-
1297 1986 1320 2015 B
1349 1986 1401 2014 hat
1424 1996 1482 2015 nur

177 2022 224 2050 elie
245 2020 292 2048 ΑΑ
318 2021 377 2049 und
402 2021 454 2047 (las
476 2018 495 2046 Β
524 2020 574 2047 der
601 2018 625 2046 1.
646 2021 734 2055 Vesp.
761 2020 821 2047 und
848 2021 914 2048 eine
934 2020 953 2045 Α
975 2021 1012 2048 ad
1031 2021 1152 2058 Magnis.
1203 2022 1283 2051 Alles
1313 2025 1415 2061 iibrige
1447 2026 1483 2054 de

178 2061 340 2088 Communi.
361 2074 399 2079 —
418 2059 462 2087 In
485 2057 507 2086 1.
528 2058 633 2093 Vesp.
655 2058 674 2084 Α
698 2057 722 2092 1,
737 2057 754 2086 5
777 2058 870 2092 Quam
891 2067 977 2086 carne
996 2059 1093 2095 gignit
1112 2060 1172 2087 AB.
1193 2074 1230 2079 —
1252 2061 1270 2087 Α
1285 2059 1311 2094 2,
1326 2061 1344 2091 3
1364 2063 1483 2093 foedera

177 2098 251 2126 fehlt
269 2098 301 2125 B.
323 2112 359 2117 --
381 2097 400 2123 Α
420 2094 447 2129 4,
470 2095 484 2123 l
505 2096 659 2124 Rutilabat
678 2096 753 2124 fame
773 2096 807 2123 B.
828 2110 865 2115 ——
885 2095 904 2122 Α
923 2094 950 2127 4,
972 2094 990 2123 2
1010 2096 1114 2125 decore
1133 2099 1168 2125 Β.
1188 2113 1226 2116 -
1246 2099 1265 2125 Α
1281 2098 1308 2133 4,
1322 2100 1342 2128 4
1362 2101 1484 2139 Flagrat

176 2137 209 2164 B.
230 2151 268 2156 ——
288 2134 310 2162 Α
330 2134 357 2170 4,
379 2134 396 2162 5
421 2137 455 2161 ut
478 2134 551 2162 fehlt
573 2135 602 2162 B.
625 2150 661 2154 —
683 2133 709 2167 R,
732 2133 748 2162 9
769 2133 884 2162 Gaudet
902 2137 954 2162 tua
974 2134 1009 2162 de
1028 2135 1087 2162 AB.
1108 2150 1146 2154 —
1165 2136 1240 2164 Ibid.
1265 2135 1299 2165 12
1319 2139 1376 2167 Est
1395 2141 1482 2168 nobis

177 2176 231 2202 'tua
253 2175 284 2201 Β.
307 2189 345 2194 —-
364 2174 409 2200 Ad
431 2173 530 2209 Magn.
552 2171 574 2198 Α
595 2172 689 2200 lautet
707 2174 739 2199 in
752 2172 801 2200 R:

596 2220 704 2248 Christi
723 2222 806 2256 virgo
828 2221 946 2257 egregia

595 2259 650 2286 Pro
670 2259 765 2293 nobis,
785 2258 952 2294 Apollonia,

592 2296 694 2325 Funde
713 2305 813 2333 preces
833 2296 870 2324 ad
890 2297 1059 2330 Dominum,

592 2335 638 2362 Ne
659 2344 711 2371 pro
731 2337 816 2363 reatu.
835 2336 987 2363 eriminum

594 2373 739 2402 Vexemur
758 2375 858 2402 morbo
880 2374 1017 2402 dentium.
