1653 2567
184 219 191 226 .
218 194 336 227 Christi
362 195 482 226 adeunt
505 195 663 227 doctorem

268 243 437 274 Persarum
462 243 633 282 sapientes,

217 290 277 329 Qui
302 290 453 322 solvendo
479 290 694 329 quaestionem

265 337 438 369 Lustrabat
462 345 568 369 eorum
594 341 725 372 mentes,

187 446 194 453 .
222 421 319 454 Sacra
346 422 451 454 colens
478 422 637 454 Victoriae

264 470 533 511 Imperatorisque
557 472 649 501 natus

216 516 279 549 Pro
306 517 391 548 cultu
416 517 586 549 idolatriae

264 565 295 595 A
309 565 458 604 praesule
472 567 520 596 est
534 565 768 597 condemnatus.

361 667 567 703 Responsoria.

185 757 192 764 .
219 733 431 773 Nuncupatur
453 734 619 767 Florentia

216 780 302 813 Urbs
329 779 444 812 florens
468 782 500 813 in
526 782 649 821 Tuscia,

264 828 328 860 Ubi
353 829 479 860 sanavit
503 828 675 868 obsessum,

217 875 276 913 Qui
301 878 375 915 post
392 884 461 907 cum
479 876 575 908 vitam
593 876 768 918 exhalaret,

216 922 350 954 Praesul
375 925 454 963 orat,
480 927 516 954 ut
539 923 709 955 suscitaret

262 968 421 1002 Infantem
448 970 559 1002 matris
586 971 767 1010 decessum3

177 1040 182 1046 .
211 1016 306 1058 Ecce,
332 1015 453 1048 Elisaei

261 1064 383 1103 signum
410 1064 593 1095 conceditur
619 1065 657 1097 ei.

184 1174 191 1180 .
219 1148 411 1180 Catechisrni
437 1149 603 1188 epistolam

216 1195 268 1227 Ad
293 1194 470 1235 Fidegilem
493 1196 632 1235 reginam

264 1242 355 1274 Misit
379 1242 507 1281 praesul
533 1243 566 1273 in
590 1244 710 1285 patum,

214 1290 344 1321 Mulieri
369 1289 464 1321 fidem
489 1291 612 1331 suadet,

216 1337 259 1369 Ut
292 1341 323 1368 et
348 1345 418 1368 cum
443 1345 517 1377 rege
540 1346 650 1376 pacem
677 1338 768 1369 daret

261 1384 473 1416 Romanorum
499 1386 634 1424 popu103

177 1457 183 1462 .
212 1431 331 1463 Rornae
357 1440 420 1469 pax
446 1431 566 1463 civibus

264 1477 301 1509 fit
313 1478 420 1509 multis
436 1487 503 1510 cum
518 1479 764 1514 Marcomannis.

181 1587 187 1594 .
215 1563 399 1595 Orationum
427 1564 570 1604 egregius

213 1609 362 1642 Salvatur
386 1611 583 1644 Theodosius

257 1658 419 1690 Ambrosii
444 1659 636 1701 precatibus,

210 1704 297 1736 Nece
322 1705 475 1737 sternitur
498 1705 668 1748 Eugenius‚

212 1751 360 1783 Ecclesia
384 1752 516 1784 liberius

260 1799 387 1831 Gaudet
410 1800 669 1838 immunitatibus,

170 1870 177 1876 .
207 1845 361 1886 Episcopi
387 1856 484 1886 prece

258 1894 346 1925 noxii
370 1894 546 1927 liberantur
570 1904 591 1927 a
614 1903 701 1929 nece.

312 2066 358 2097 ln
385 2065 614 2098 Laudibus

355 2160 551 2196 Antiphonae.

155 2228 186 2261 1.
211 2227 361 2259 ieiunans
386 2233 458 2260 orat

259 2276 397 2314 praesul.
424 2286 483 2316 pro
501 2277 632 2308 crimine
649 2277 763 2320 plorat,

210 2323 343 2362 Vigilias
369 2324 519 2364 celebrat,

256 2370 303 2402 sic
327 2374 422 2403 nocte
449 2372 562 2412 dieque
586 2372 721 2406 laborat.

777 98 823 133 46
873 119 917 123 —

842 196 872 226 2.
899 195 1065 227 Ecclesiae
1088 196 1172 228 bona

948 252 1123 283 pauperum
1146 244 1303 276 convertit
1318 242 1350 274 in
1371 242 1453 273 dona

898 290 943 322 Et
966 291 1056 322 miles
1081 292 1159 324 nudi

946 338 1087 378 sequitur
1113 338 1246 378 vestigia
1273 337 1400 370 Christi.

842 396 872 428 3.
898 395 1036 427 Mortem
1064 395 1227 435 praedixit

946 443 1094 485 paschae,
1118 450 1178 482 quo
1201 445 1344 482 tempore
1359 441 1449 481 vixit,

897 489 942 522 Et
967 491 1007 522 de
1031 493 1133 522 morte
1157 489 1219 521 viri

947 538 1050 570 doluit
1057 537 1186 577 praesul
1196 537 1332 568 maxime
1338 535 1449 568 sancti.

839 595 870 626 4.
898 593 1057 627 Dictando
1082 595 1239 634 psalmum

946 640 1220 681 quadragesimum
1250 640 1378 672 tertium
1405 641 1450 671 al-

1223 697 1309 719 mum

896 735 1026 775 Rapuit,
1054 734 1180 774 operuit

943 783 1054 822 ingens
1079 784 1111 813 et
1135 783 1268 822 hymnos
1292 782 1434 815 intravit.

1010 876 1055 903 Ad
1075 875 1260 904 Benedictus.

825 943 866 974 A.
898 942 1090 975 Benedictus
1120 942 1309 975 Ambrosius

898 991 934 1022 In
962 993 1101 1022 extremo
1128 990 1238 1021 mortis
1263 990 1386 1030 positus

945 1037 1110 1069 Praedixit
1133 1046 1357 1073 successorem,

896 1084 969 1116 Non
995 1084 1184 1116 erubescens
1209 1085 1317 1117 vivere

896 1131 965 1163 Nec
989 1132 1091 1172 piguit
1117 1132 1312 1164 descendere

945 1179 992 1211 Ob
1018 1177 1095 1210 fidei
1119 1187 1268 1219 amorem,

897 1225 961 1258 Sed
985 1227 1069 1257 laeto
1097 1227 1195 1265 vulm,

896 1273 1018 1305 Humili
1042 1274 1128 1305 cultu

944 1320 1091 1360 Suscepit
1115 1321 1167 1353 hic
1192 1321 1341 1353 viaticum

894 1367 939 1399 Et
964 1368 1168 1400 cathedratus

899 1414 1008 1446 Pueris
1035 1417 1083 1446 est
1107 1419 1194 1447 ratus

943 1464 1009 1493 Aut
1033 1465 1069 1493 ut
1093 1463 1181 1494 sidus
1207 1465 1392 1502 eptaticum,

895 1509 978 1541 Nam
1002 1514 1077 1548 post
1099 1512 1231 1542 mortem
1258 1511 1428 1543 electomm

894 1556 1013 1589 Factus
1038 1557 1117 1589 civis
1143 1559 1177 1589 et
1199 1559 1393 1598 angelorum.

961 1701 1007 1731 In
1035 1700 1065 1730 2.
1097 1701 1315 1741 Vesperis.

1009 1783 1054 1810 Ad
1075 1784 1256 1820 Magnificat.

823 1852 861 1883 A.
894 1851 971 1882 Post
992 1851 1163 1882 transitum
1189 1852 1320 1885 victoris

893 1898 1011 1938 Vigent
1030 1898 1064 1929 in
1092 1899 1227 1931 diversis
1252 1901 1340 1933 horis

943 1946 1102 1977 Virtutum
1128 1948 1292 1988 miracula,

893 1993 931 2024 In
956 1993 1123 2025 Florentia
1149 2003 1242 2026 orare

894 2040 988 2072 Visus
1021 2043 1068 2071 est
1093 2041 1182 2074 iuxta
1206 2042 1308 2074 altare

941 2088 1147 2121 obsessorum
1174 2089 1312 2130 piacula,

895 2136 1052 2168 Remanet
1075 2137 1109 2167 in
1134 2138 1256 2181 patulo,

896 2183 998 2216 Terra
1021 2192 1175 2222 percussa
1199 2185 1313 2218 baculo

945 2231 1056 2271 Signat
1078 2232 1182 2264 locum
1211 2233 1373 2276 victoriae,

898 2279 1018 2311 Urnam
1045 2284 1138 2318 parat
1167 2280 1358 2323 detrahenti,

895 2327 958 2359 Hic
981 2334 1039 2359 nos
1062 2327 1102 2358 de
1126 2331 1213 2360 statu
1237 2327 1326 2362 flenti

941 2374 1047 2407 Ducat
1071 2376 1113 2408 ad
1138 2385 1248 2417 regem
1273 2378 1405 2419 gloriae.
