1653 2567
762 102 1025 138 —155—

369 197 416 229 In
442 198 475 229 2.
503 197 722 237 Vesperis.
1076 201 1155 232 Per
1188 201 1388 235 Octavam.

1107 256 1154 283 Ad
1173 256 1359 284 Benedictus.

420 289 465 318 Ad
486 289 668 326 Magnificat.
915 303 956 337 A,
988 302 1086 334 Sacer
1112 304 1233 336 Christi
1258 304 1490 349 Bernhardine,

229 356 273 389 A.
306 357 331 389 O
359 357 462 390 virum
485 357 730 398 sanctissimum,
988 349 1109 382 Nostra
1134 351 1240 383 cordis
1265 352 1414 393 suspiria,

347 405 386 437 In
413 404 508 437 dietis
535 408 567 436 et
591 405 742 444 operibus
988 398 1095 437 Pater,
1122 399 1296 431 clementer
1318 400 1427 439 aspice

345 450 498 484 Adflictis
524 454 557 483 et
580 452 778 492 pauperibus
988 444 1058 476 Νθῧ
1085 445 1214 486 despice
1238 456 1296 479 nos
1321 447 1355 478 in
1379 449 1453 488 fine,

392 499 542 532 Solamen
567 502 794 544 praestantem,
988 491 1084 532 LegiS
1110 497 1234 526 atnator
1260 494 1398 535 diViHae‚

343 546 514 579 Defunctis
539 548 638 580 vstam
663 547 778 579 tribujt
988 538 1053 571 Sed
1079 549 1099 571 a
1121 542 1214 573 malis
1238 551 1296 574 nos
1321 551 1495 582 praeserva

345 594 549 636 Infirmisque
573 595 724 635 praebuit
986 586 1168 628 Nostraque
1218 589 1379 622 desideria

390 643 550 675 virtutem
575 646 751 676 sanantem,
988 634 1122 675 Semper
1144 637 1179 668 in
1203 636 1295 668 bonis
1320 646 1483 670 conserva.

296 691 321 723 O
347 700 424 723 vere
448 691 667 731 iustissimum,
1100 691 1144 719 Ad
1163 691 1346 728 Magnificat.

345 739 405 778 Qui
430 748 465 771 se
489 741 537 771 tot
561 739 655 771 bonis
674 739 821 779 implicat
916 740 956 772 A.
988 738 1093 781 Salve,
1121 741 1195 773 1esu
1221 739 1307 772 sator

348 785 550 827 Dulcemque
576 786 665 827 plebi
690 787 857 827 praedicat
1036 790 1069 818 et
1085 790 1209 821 amator
1226 798 1399 829 normaque
1415 798 1550 830 morum,

394 836 501 868 Iesum
526 844 605 868 voce
631 835 728 877 clara,
987 834 1133 868 Fervens
1158 837 1365 877 praedicator

345 883 580 923 Bernhardine,
607 881 660 915 fac
682 883 803 915 inclitis
1036 886 1068 914 et
1092 885 1213 916 zelator
1238 885 1313 917 vani
1339 887 1534 929 cunctorum,

344 931 421 964 Tuis
443 931 577 972 privare
601 931 723 962 meritis
989 931 1014 963 O
1040 931 1276 974 Bernhardine‚

391 980 500 1011 Morte
523 988 581 1011 nos
607 988 726 1011 amara.
1038 979 1100 1010 duc
1125 990 1181 1012 nos
1207 981 1248 1012 ad
1274 989 1374 1021 regna
1391 981 1548 1022 polorum.

302 1046 388 1073 Brev.
415 1053 468 1072 ms.
488 1045 719 1073 Franciscanum
745 1052 820 1072 saec.
843 1042 888 1071 15.
930 1043 999 1071 Cod.
1023 1045 1148 1073 Parisin.
1174 1044 1256 1074 1049.
1277 1046 1312 1073 A.
1328 1063 1340 1066 —
1385 1047 1471 1074 Brev.
1495 1055 1548 1074 ms.

223 1083 455 1111 Franciscanum
482 1091 558 1111 saec.
581 1080 625 1110 15.
658 1082 729 1110 Cod.
750 1082 876 1110 Parisin.
906 1079 989 1109 1314.
1011 1083 1045 1110 B.
1071 1097 1111 1102 —
1135 1085 1221 1112 Brev.
1242 1093 1295 1112 ms.
1315 1085 1549 1112 Franciscanum

225 1129 302 1149 saec.
336 1120 380 1149 15.
428 1121 496 1149 Cod.
522 1122 650 1149 Parisin.
679 1118 787 1149 13244.
817 1120 848 1148 0.
876 1135 913 1139 —
942 1121 1027 1150 Brev.
1061 1130 1115 1149 mS.
1142 1122 1374 1150 Franciscanum
1401 1131 1476 1151 saec.
1506 1122 1550 1151 15.

225 1160 296 1187 Cod.
316 1160 444 1188 Parisin.
466 1158 591 1194 (Arsen.)
612 1157 674 1187 101.
695 1160 733 1186 D.
756 1174 794 1179 -—
814 1159 899 1187 Noct.
919 1168 973 1186 ms.
987 1160 1216 1188 Franciscanum
1238 1169 1313 1189 saec.
1334 1160 1378 1189 15.
1400 1170 1443 1189 ex.
1479 1161 1549 1189 Cod.

224 1199 399 1235 Lugdunen.
433 1197 499 1226 476.
525 1198 561 1226 E.
586 1212 624 1216 —
655 1198 744 1225 BreV.
781 1206 835 1225 ms.
866 1198 915 1225 FF
918 1218 924 1224 .
951 1198 1102 1226 Minoi-um
1130 1199 1168 1227 de
1194 1200 1370 1236 Brageriaco
1397 1208 1472 1227 saec.
1505 1199 1549 1228 15.

228 1236 297 1264 Ood.
327 1237 516 1273 Burdigalen.
542 1234 587 1264 88.
615 1236 647 1264 F.
678 1252 718 1256 —
743 1235 864 1272 Antiph.
891 1244 944 1263 ms.
970 1237 1160 1265 Franciscan.
1183 1239 1307 1266 Hibern.
1335 1246 1411 1266 saec.
1435 1236 1481 1266 15.
1504 1247 1548 1266 cx.

228 1275 298 1303 Cod.
321 1274 394 1303 (3011.
416 1275 467 1303 SS.
488 1275 645 1303 Trinitatis
665 1274 829 1303 Dubh'nen.
849 1274 874 1301 B
901 1272 924 1301 1.
959 1272 986 1301 2.
1014 1275 1048 1304 Gr.
1080 1290 1118 1295 —-
1140 1277 1224 1304 Brev.
1245 1285 1298 1304 ms.
1320 1276 1551 1304 Franciscanum

230 1322 307 1379 ῗὲξεέ
331 1312 374 1341 15.
410 1314 480 1342 Ood.
501 1314 578 1341 Mus.
598 1313 819 1349 Luciliburgen.
840 1322 863 1340 s.
884 1322 912 1340 n.
934 1314 973 1341 H.
989 1328 1025 1332 —
1041 1314 1127 1341 Brev.
1145 1315 1310 1342 Romanum
1331 1316 1400 1351 imp.
1415 1316 1550 1343 Venetiis

304 1395 344 1422 In
369 1393 394 1422 1,
414 1395 524 1430 Vesp.
546 1392 568 1420 A
596 1393 616 1422 4
638 1394 713 1422 fehlt
728 1395 762 1422 B.
786 1409 824 1413 -—
844 1392 866 1420 A
887 1392 914 1428 4,
936 1392 954 1421 2
975 1394 1196 1433 Contentusque
1216 1396 1266 1424 ΑΙ.
1287 1411 1325 1414 -
1346 1395 1368 1422 Α
1389 1394 1416 1429 4,
1438 1395 1456 1424 5
1476 1396 1551 1424 fehlt

227 1434 261 1461 A.
282 1448 321 1451 —
345 1433 392 1460 Ad
418 1434 518 1469 Magn.
546 1430 578 1466 A,
601 1431 635 1460 11
656 1433 858 1460 Remittuntur
883 1434 1041 1460 terminum
1061 1433 1096 1460 A.
1119 1450 1154 1453 —
1174 1434 1250 1462 Ibid.
1274 1433 1311 1462 14
1335 1436 1367 1462 in
1393 1434 1452 1462 fine
1478 1435 1552 1462 fehlt

226 1471 260 1499 Α.
287 1486 325 1490 —-
345 1472 387 1499 In
412 1469 438 1498 2.
460 1472 564 1499 Noct.
586 1469 609 1497 A
637 1469 662 1505 1,
683 1468 701 1499 3
721 1472 784 1499 Nec
811 1471 922 1506 liquari
943 1472 976 1497 Β.
998 1485 1032 1489 -—
1057 1470 1079 1497 A
1111 1471 1137 1507 2,
1159 1470 1176 1500 3
1196 1473 1232 1500 In
1253 1481 1320 1500 sese
1338 1473 1421 1500 1.—
1444 1471 1463 1498 Β
1485 1471 1512 1507 2,
1534 1471 1551 1500 2

227 1509 390 1546 Orbinique
415 1510 449 1544 A,
477 1510 636 1545 orbemque
663 1507 693 1537 G.
716 1524 751 1528 —
782 1507 802 1535 Β
830 1507 857 1542 2,
880 1508 900 1536 4
925 1509 999 1536 fehlt
1024 1509 1059 1536 A.
1087 1524 1121 1529 ——
1152 1509 1172 1536 Β
1200 1508 1226 1544 3,
1250 1509 1265 1538 1
1295 1511 1380 1545 Quod
1400 1520 1483 1538 soror
1508 1512 1547 1546 133

227 1548 334 1583 Neptis
355 1549 486 1583 migrans
507 1548 543 1575 A.
565 1562 603 1566 —
626 1545 646 1573 Β
667 1545 694 1583 3,
717 1546 734 1574 2
754 1548 868 1575 Mirans
887 1547 976 1575 huius
1000 1548 1032 1581 Β,
1061 1548 1124 1576 eius
1147 1548 1177 1575 C.
1194 1563 1232 1567 —
1254 1547 1274 1575 Β
1296 1547 1322 1584 3,
1338 1548 1358 1577 4
1377 1549 1428 1577 Sic
1448 1550 1552 1577 eodem

224 1586 261 1613 A.
298 1601 328 1604 —
364 1584 386 1612 Β
419 1583 445 1620 3,
468 1585 485 1612 7
523 1586 600 1613 Vino
633 1587 730 1621 sopito
759 1588 893 1621 tympore
912 1586 956 1621 A3
978 1586 1055 1613 Bino
1084 1588 1181 1623 sopito
1208 1589 1334 1622 timpore
1362 1588 1417 1623 313
1447 1585 1547 1616 Sermo

225 1625 340 1661 sopitus
372 1627 504 1660 tempore
531 1624 562 1652 O.
590 1638 628 1643 -
664 1622 684 1649 Β
718 1621 744 1659 3,
766 1624 784 1651 8
808 1624 970 1651 Defensum
995 1623 1074 1651 huno
1098 1626 1181 1661 plebs
1207 1625 1247 1661 A;
1282 1626 1437 1654 Defessum
1464 1626 1547 1662 plebs

225 1663 304 1690 hunc
332 1663 378 1691 131.
408 1678 445 1682 —
471 1663 515 1690 In
539 1659 566 1690 3.
591 1663 692 1690 Noct.
721 1660 743 1688 A
770 1660 796 1696 2,
822 1659 840 1690 3
868 1662 920 1689 Sic
946 1671 1049 1698 pacem
1069 1663 1109 1698 B,
1136 1663 1186 1691 Sic
1211 1672 1283 1699 pare
1308 1665 1343 1691 A.
1369 1679 1407 1683 —-
1434 1664 1456 1691 A
1481 1663 1507 1699 2,
1528 1664 1548 1692 4

224 1703 265 1729 sit
285 1701 342 1729 BG.
372 1717 408 1721 ——
431 1699 450 1727 Β
481 1699 506 1734 1,
529 1699 544 1728 1
572 1701 651 1729 clare
675 1700 791 1737 fulgens
813 1700 844 1728 O.
872 1716 907 1719 —
938 1698 958 1727 Β
984 1699 1009 1733 1,
1032 1699 1048 1728 6
1070 1704 1165 1729 sancti
1186 1702 1320 1730 desidere
1339 1703 1390 1737 AI,
1412 1703 1548 1731 decidere

226 1738 256 1768 C.
273 1755 308 1759 -
327 1737 347 1765 Β
371 1738 395 1773 1,
418 1738 435 1766 ’7
455 1739 599 1767 Duodeno
619 1739 671 1767 AI.
689 1754 726 1758 —
742 1737 762 1765 Β
786 1737 810 1771 1,
832 1737 851 1767 8
870 1740 961 1767 fontis
983 1737 1173 1768 Christiferae
1191 1741 1226 1775 A,
1247 1742 1337 1769 fantis
1358 1742 1381 1776 Ι,
1403 1742 1496 1769 faucis
1514 1743 1549 1778 B,

227 1780 338 1806 sanetis
361 1776 391 1806 C.
411 1792 449 1796 —
471 1775 491 1803 Β
517 1777 541 1811 1,
566 1776 601 1805 10
623 1777 709 1811 Quod
732 1779 830 1814 potuit
848 1779 883 1806 B.
907 1792 936 1797 —
966 1775 986 1804 Β
1009 1776 1035 1813 2,
1059 1777 1075 1805 7
1096 1776 1200 1807 Cectus
1220 1782 1370 1807 ternarum
1390 1780 1431 1816 A;
1457 1780 1548 1808 Secus

225 1816 378 1845 Senarum.
420 1817 493 1844 Dies
516 1814 536 1843 Β
558 1816 632 1844 fehlt
652 1814 712 1851 OD,
734 1816 782 1844 die
803 1816 888 1844 dafiir
909 1816 961 1844 das
982 1816 1119 1853 folgende
1140 1818 1309 1846 einstellen:

631 1865 667 1893 R.
692 1864 739 1892 De
759 1866 855 1892 sancti
875 1866 967 1901 patris
987 1864 1076 1892 hodie

724 1903 922 1931 Bemhardini
941 1904 1103 1931 virtutibus

682 1942 754 1969 Fari
773 1942 855 1975 libet,
877 1950 965 1976 quam
984 1943 1068 1969 varie

720 1980 855 2008 Diversis
875 1982 909 2007 in
929 1980 1096 2008 climatibus

686 2019 777 2055 Opem
799 2022 953 2055 praestant
971 2018 1079 2046 cotidie

721 2057 875 2085 Defunctis
897 2059 927 2085 et
944 2058 1130 2093 viventibus3

624 2096 660 2123 V.
684 2096 753 2125 Non
775 2098 893 2123 cessant
911 2098 1056 2131 nocteque
1076 2096 1124 2124 die

723 2134 892 2171 Suffragare
911 2134 1120 2169 maerentibus,

681 2173 761 2200 Dum
782 2175 916 2200 sanctum
936 2172 1099 2208 deposcunt
1118 2175 1168 2210 pie

720 2211 828 2239 Sanari
849 2219 867 2238 a
886 2211 1090 2247 languoribus.

218 2259 254 2289 In
268 2261 284 2288 1
296 2261 338 2288 ist
351 2260 414 2288 dies
427 2257 447 2286 Β
460 2260 512 2288 das
524 2261 628 2288 zweite
640 2259 691 2287 der
700 2259 842 2293 Noetum,
859 2259 912 2286 das
927 2259 1031 2287 dritte:
1046 2258 1216 2295 Alphonsus
1231 2268 1283 2287 rex
1297 2259 1479 2289 clarissimus
1491 2266 1545 2291 etc.

219 2300 247 2327 D
267 2299 320 2326 hat
339 2299 416 2328 noch
437 2300 484 2327 ein
505 2299 608 2327 drittes
624 2296 644 2324 Β
655 2298 807 2326 Romanus
829 2299 949 2334 quintus
963 2299 1086 2325 antistes
1103 2298 1246 2327 Nicolaus
1263 2301 1316 2326 etc.
1330 2300 1492 2335 prosaisch.
1507 2317 1544 2322 —

219 2338 265 2365 In
290 2338 404 2366 Laud.
434 2336 456 2365 A
485 2336 512 2371 2,
532 2336 552 2366 4
578 2337 662 2374 plebs
693 2336 802 2365 efficiat
819 2337 853 2364 B.
876 2350 914 2355 --
935 2334 957 2363 A
984 2334 1009 2370 2,
1031 2335 1049 2364 5
1079 2345 1148 2364 mox
1174 2336 1291 2365 efficiat.
1312 2354 1350 2357 —
1369 2338 1415 2366 Ad
1436 2340 1543 2368 Bened.

222 2374 254 2410 A,
278 2374 313 2404 10
345 2377 455 2405 debuit.
481 2393 519 2397 —
545 2377 622 2404 Ibid.
645 2374 681 2403 12
714 2377 747 2403 tu
775 2375 859 2402 fuisti
888 2372 918 2403 G.
942 2391 982 2395 —
1007 2375 1072 2410 Vgl.
1104 2376 1153 2403 die
1181 2375 1379 2413 zugehbrigen
1404 2377 1543 2414 Hymneu

220 2415 308 2443 Anal.
328 2415 403 2443 XIX
422 2416 477 2444 No.
501 2412 652 2443 135—138
671 2414 733 2442 und
755 2411 915 2442 139—141.
