1653 2567
768 132 897 168 -239
957 153 993 158 —

339 227 385 258 In
412 229 443 260 2.
471 228 690 269 Vesperis.
962 230 1099 269 Quorum
1125 232 1200 262 vota
1223 228 1410 260 meritorum

553 314 559 319 ,
1010 278 1206 316 Comprobat
1230 276 1391 318 memoria,

391 311 438 339 Ad
457 312 640 348 Magnificat.
960 324 1044 357 Dum
1069 325 1102 356 in
1127 325 1222 357 terris
1247 323 1411 363 finiuntur,

197 369 238 400 A.
270 369 295 401 O
324 369 440 402 devota
464 370 632 402 beatorum
964 373 1125 405 Christum
1150 381 1227 405 vere
1248 374 1483 411 consequuntur

323 416 504 457 Martyrum
532 419 679 459 victoria,
1010 421 1048 453 In
1074 420 1205 453 caelesti
1230 420 1342 460 gloria.

273 482 361 509 Brev.
385 491 439 511 ms.
462 484 662 512 Monastieum
691 486 762 512 anni
791 484 873 513 1481.
922 483 991 513 cod.
1012 485 1174 513 Eremiten.
1203 483 1268 513 759.
1291 500 1324 503 —
1354 485 1481 519 Iuvit„
1502 483 1520 513 3

199 520 337 548 sollicite.
360 534 397 538 —
423 522 467 549 In
489 521 514 550 1.
536 523 641 550 Noet.
673 521 695 549 Α
717 521 743 557 3,
767 523 782 552 1
806 525 925 552 Mentis.
950 539 986 543 —-
1014 524 1056 551 ln
1075 521 1102 549 2.
1128 525 1238 559 Vesp.
1265 523 1302 550 ad
1322 523 1421 559 Magn.
1449 522 1480 558 Α,
1503 522 1520 550 ’7

201 557 344 586 caelestia
363 558 469 595 gloria.

642 654 689 685 85.
727 654 771 686 De
793 656 900 686 sancto
921 653 1090 686 Dominico.

342 724 387 756 In
417 725 448 757 1.
477 724 699 764 Vesperis.
966 725 1094 764 Pauper
1119 724 1210 757 fulsit
1234 725 1430 764 Dominieus‚

393 787 489 826 Super
511 790 654 817 Psalmos.
1012 772 1132 805 Forma
1157 773 1321 813 praevisus
1347 773 1455 806 catuli.

199 838 242 870 A,
276 836 400 878 Gaude,
429 838 506 870 felix
909 832 940 863 2.
967 829 1097 861 Florem
1122 829 1298 870 pudicitiae

322 894 443 924 parens
471 886 639 925 Hispania,
1015 877 1155 909 Servans
1178 877 1349 915 illibatum⁷

274 932 388 964 Novae
412 934 514 973 prolis
971 924 1091 964 Attigi't,
1115 925 1251 956 eximiae

323 980 403 1012 dans
431 982 550 1013 mundo
576 981 704 1021 gaudia,
1015 972 1111 1003 Vitae
1136 972 1337 1004 caelibatum.

275 1028 339 1060 Sed
366 1031 401 1059 tu
426 1029 528 1069 magis
908 1031 941 1062 3.
967 1028 1175 1060 Documentis
1201 1028 1315 1060 artium

324 1076 454 1117 plaude,
481 1076 637 1118 Bononia,
1014 1075 1170 1108 Eruditus
1195 1076 1273 1107 satis

278 1124 376 1156 Tanti
402 1125 504 1163 patris
966 1123 1109 1155 Transiit
1134 1123 1176 1154 ad
1201 1123 1342 1155 studium

326 1172 435 1204 dotata
461 1172 573 1212 gloria,
1016 1171 1164 1204 Summae
1190 1170 1344 1202 veritatis.

278 1219 401 1257 Lauda,
429 1223 498 1251 tota-

321 1269 425 1299 mater
451 1267 597 1306 ecclesia,
1099 1246 1308 1281 Responsoria.

273 1314 388 1347 Novae
413 1315 519 1347 laudis
907 1306 937 1338 1.
965 1303 1123 1336 Mundum
1149 1313 1265 1336 vocans

321 1371 419 1403 agens
445 1362 622 1395 sollemnia.
1013 1352 1054 1383 ad
1081 1353 1155 1392 agni
1179 1352 1308 1392 nuptias

965 1400 1056 1432 Hora
1081 1408 1179 1431 <zenae

381 1427 430 1455 Ad
449 1426 636 1464 Magnificat.

199 1476 241 1509 A.
272 1475 405 1507 Transit
430 1484 554 1516 pauper

321 1523 362 1555 ad
389 1524 482 1565 regni
507 1524 632 1565 solium,

278 1570 351 1603 Dux
377 1571 418 1603 ad
449 1574 623 1611 sceptrum,

322 1619 428 1651 victor
455 1619 497 1651 ad
523 1619 711 1660 praemium,
899 1640 926 1672 V

273 1666 365 1698 Mors
391 1666 425 1699 in
452 1667 563 1707 vitam,

323 1714 419 1746 labor
442 1716 475 1747 in
502 1715 611 1756 otium,

277 1763 437 1795 Praesens
468 1763 554 1795 cedit

324 1811 432 1843 luctus
457 1811 490 1842 in
517 1810 679 1852 gaudium.

1011 1450 1104 1487 pater
1130 1447 1269 1480 familias

965 1496 1104 1528 Servum
1129 1496 1230 1526 mittit

1014 1543 1204 1583 promittens
1229 1545 1334 1575 varias

1014 1590 1108 1622 Vitae
1131 1591 1283 1630 delioias3

930 1665 937 1672 .
968 1639 1022 1671 Ad
1049 1639 1111 1671 hoo
1137 1639 1315 1670 convivium

1016 1686 1096 1718 Tam
1122 1685 1383 1727 permagnificum

966 1734 1069 1774 Eligit
1094 1734 1241 1767 nuntium

1016 1781 1166 1814 Sanctum
1193 1782 1408 1815 Dominioum.

908 1843 939 1874 2.
965 1839 1084 1872 Datum
1108 1841 1226 1873 mundo

335 1906 397 1938 Aa
422 1907 694 1940 matutinum.
963 1889 1217 1969 Mssamcffiggifl
1239 1889 1342 1929 g¹0r12

405 1973 624 2029 Invitatorium.
1011 1986 1198 2026 praesignat
1222 1984 1336 2025 gratia,

270 2023 394 2054 Assuiit
418 2023 580 2056 Dominioi
966 2032 1063 2065 Cuius
1090 2036 1194 2065 ortum

314 2070 418 2103 Laeta
442 2071 619 2126 sollemnia,
1011 2085 1226 2120 praecurrunt
1250 2081 1362 2113 nuntia

271 2118 386 2151 Laude
410 2120 583 2159 multiplici
1011 2128 1090 2161 Veri
1115 2129 1304 2170 praesagia3

316 2167 459 2200 Plaudat
484 2167 629 2201 eeclesia.
895 2177 930 2209 V.
963 2176 1067 2209 Stella
1091 2177 1213 2209 micans

1010 2224 1042 2255 in
1070 2223 1177 2257 fronte
1201 2225 1327 2265 parvuli

318 2263 366 2296 111
394 2263 425 2298 1.
453 2263 694 2296 Nocturno.
962 2272 1089 2305 Novum
1113 2274 1207 2305 iubar

417 2329 616 2366 Antiphonae.
1011 2324 1251 2360 praemonstrat
1274 2321 1404 2353 saeculi.

209 2380 238 2411 1.
268 2380 389 2412 Praeco
414 2389 516 2412 novus
543 2383 575 2412 et
601 2379 741 2414 caelicus
904 2379 935 2412 3.
962 2377 1105 2410 Verbum
1130 2379 1217 2411 vitae

310 2426 432 2462 Missus
457 2428 492 2460 in
516 2427 581 2460 fine
605 2426 737 2466 saeculi,
1012 2426 1085 2458 dum
1111 2427 1218 2467 palam
1243 2428 1412 2468 promitur,
