1653 2567
168 218 336 257 Christum,
363 216 437 247 dum
462 211 645 254 praeposuit

210 265 319 305 Regno
343 260 511 302 temporali

215 311 284 344 Nec
307 318 459 343 consensu
482 307 558 339 mali

168 359 264 398 Regis
289 360 361 389 voto
386 356 502 396 paruit,

166 407 244 439 Ideo
268 414 351 437 nunc
375 401 488 434 adfluit

217 451 326 484 Gloria
350 448 496 489 spiritali.

228 574 287 606 Ad
313 571 582 604 Matutinum,

301 646 514 674 Invitatorium.

170 705 342 739 Iubilemus
368 702 464 735 hodie

220 751 394 785 Salvatoris
418 749 546 789 nomini,

175 800 232 839 Qui
258 799 396 840 palmam
417 796 568 830 victoriae

217 846 384 886 Dympnae
410 844 500 877 (ledit.
525 842 647 883 virgini.

229 960 273 992 ln
298 958 328 992 1.
354 957 411 990 No
424 960 583 988 cturno.

313 1032 506 1066 Antiphonae.

118 1092 145 1125 1.
173 1091 208 1122 In
235 1089 467 1130 magnificentia

221 1136 283 1169 Dei
307 1144 403 1175 super
429 1136 531 1167 caelos

174 1184 324 1225 Dympna
347 1183 431 1222 regis
455 1181 522 1213 filia

224 1230 367 1263 Laudum
392 1228 517 1270 profert
539 1228 648 1260 melos.

118 1290 147 1320 2.
175 1286 384 1327 Aspernendo
408 1286 567 1316 saeculum

225 1333 301 1367 Cum
325 1332 440 1371 insigni
463 1331 554 1371 prole

178 1380 273 1413 Suum
296 1379 532 1411 tabernaculum

223 1426 334 1461 Posuit
360 1428 392 1458 in
418 1426 493 1458 sole.

125 1487 155 1519 3.
181 1484 291 1516 Mente
315 1491 403 1525 pura,
431 1482 549 1514 munda
574 1482 670 1513 corde

228 1532 384 1564 Innocens
411 1533 443 1561 et
465 1529 610 1561 manibus

180 1578 343 1618 Inquinari
368 1576 470 1617 stupri
494 1576 588 1608 sorde

228 1625 317 1658 Totis
344 1624 446 1656 obstat
472 1622 603 1655 viribus,

313 1699 445 1735 Respons
466 1699 518 1725 ria.

122 1757 154 1789 1.
180 1757 273 1789 Ortus
298 1757 332 1788 in
354 1755 511 1788 Hibernia

180 1803 292 1835 Floret
315 1803 347 1834 in
374 1803 560 1843 Antwcrpia

227 1851 378 1883 Puritatis
402 1848 560 1891 flosculus,

232 1898 325 1930 Cuius
351 1898 426 1938 vigil
450 1898 576 1939 oculus3

116 1945 150 1978 V.
182 1945 218 1977 In
244 1945 362 1977 honore
387 1945 546 1977 conditam

180 1993 259 2025 Avis
283 1992 373 2024 huius
396 1992 540 2024 semitam

230 2040 393 2080 ignoravit
416 2040 552 2080 regulus.

124 2098 155 2130 2.
180 2097 211 2127 A
235 2096 326 2128 heato
352 2095 536 2128 Gereberno

182 2143 369 2183 Baptizatur
390 2143 453 2175 iam
477 2146 618 2176 materno

231 2190 362 2223 Privata
386 2192 539 2223 solamine

232 2237 327 2283 Virgo
351 2238 502 2279 Dympna
523 2239 661 2277 nomine,

113 2287 149 2318 V.
180 2285 340 2318 Idolorum
368 2295 463 2319 vanos
483 2285 563 2318 ritus

184 2334 368 2365 Detestatur
390 2334 517 2375 penitus

231 2381 346 2413 Sancto
372 2380 500 2414 fervens
524 2379 662 2414 fiamine.

710 112 781 147 244
828 129 873 135 --

785 208 815 241 3.
841 205 903 239 Suo
928 203 1068 243 phoenix
1093 204 1237 241 tempore

842 252 987 285 Por-tavit
1010 250 1043 281 iu
1070 256 1204 290 corpore

888 301 960 332 Iesu
986 297 1105 331 Christi
1131 294 1281 335 stigmata

892 346 1052 387 Spernens
1078 347 1166 376 ortus
1192 342 1371 375 stemmata,

773 396 811 428 V.
843 394 1007 434 Frequens
1033 395 1139 423 mente
1162 386 1295 422 memori

843 439 1052 475 Recondebat
1076 438 1200 478 pectori

890 489 1008 521 Sacrae
1031 487 1110 529 legis
1137 486 1295 525 dogmata.

905 631 953 663 In
979 631 1010 664 2.
1036 629 1269 660 Nocturno.

990 702 1185 738 Antiphonae.

790 764 820 797 1.
848 762 957 796 Omnis
984 762 1079 793 decor
1103 759 1193 792 filiae

896 809 991 849 Regis
1018 811 1067 839 est
1089 807 1129 839 ab
1152 807 1248 847 intuS,

849 857 965 890 Ramos
991 855 1165 888 extendens
1190 853 1314 894 gratiae

892 903 990 943 Quasi
1013 901 1224 935 terebinthus,

791 963 822 995 2.
844 960 934 993 Haec
957 959 1042 1000 regio
1067 960 1179 998 saepta
1204 956 1378 989 munimine

850 1007 946 1040 Nullo
971 1008 1079 1047 potest,
1102 1005 1187 1037 vinci
1219 1003 1404 1042 tentamine,

853 1055 946 1088 Cuius
965 1055 1059 1093 pater
1081 1053 1115 1084 in
1141 1051 1334 1084 fortitudine

850 1102 1010 1134 Turbatus
1037 1104 1085 1133 est
1110 1099 1331 1132 amaritudine.

796 1159 826 1192 3.
854 1158 1019 1197 Mundum,
1045 1166 1181 1196 carnem,
1208 1156 1406 1188 daemonium

903 1205 983 1244 Quia
1007 1204 1085 1236 vicit
1108 1204 1141 1235 in
1168 1203 1282 1246 stadio,

852 1253 948 1293 Ecce,
974 1252 1058 1284 sicut,
1078 1251 1265 1283 laetantium

852 1300 914 1332 Est
938 1298 1077 1331 omnium

901 1346 992 1379 Illius
1017 1345 1183 1378 habitatio.

985 1439 1193 1475 Responsoria.

797 1508 827 1542 1.
855 1508 951 1547 Quasi
976 1506 1078 1538 stellis

901 1555 977 1586 luna
1000 1554 1147 1597 lucidior,

856 1602 959 1634 Verbo
982 1604 1097 1641 potens

903 1652 934 1680 et
957 1651 1031 1681 actu
1055 1648 1179 1688 fortior,

858 1698 1049 1737 contemptu
1070 1696 1108 1729 fit

899 1745 1011 1777 mundi
1033 1744 1183 1783 nobilior,

786 1792 824 1825 V.
856 1793 974 1824 Forma
1000 1792 1115 1823 decens

905 1842 1036 1879 aspectu
1060 1839 1235 1878 pulchrior.

799 1899 832 1929 2.
857 1896 961 1928 Tanto
988 1897 1098 1935 eaptus
1124 1905 1143 1926 a
1170 1895 1284 1927 decore

857 1943 1045 1975 Delectatur
1068 1943 1101 1974 in
1127 1951 1234 1974 amore

907 1990 1004 2022 Visae
1027 1990 1277 2031 pulchritudinis

906 2038 1056 2070 Incentor
1071 2037 1228 2081 libidinis,

788 2087 827 2119 V.
858 2084 1051 2118 Promittens
1079 2085 1207 2118 divitias

861 2133 995 2172 Aspirat
1019 2133 1061 2165 ad
1084 2133 1213 2173 nuptias

907 2180 1116 2214 Venerandae
1140 2181 1281 2222 virginis,

803 2240 836 2271 3.
862 2238 961 2278 Virgo
986 2240 1073 2269 metu

908 2294 968 2318 nec
994 2286 1075 2318 dono
1100 2284 1268 2329 frangitur,

862 2333 935 2365 Non
961 2332 1092 2365 oboedit.

906 2384 940 2412 et
962 2390 1026 2413 non
1046 2380 1232 2422 obsequitur
1290 2420 1293 2423 Ι
