1653 2567
714 134 974 170 —201—

194 222 227 254 2.
255 220 309 253 Sic
333 223 452 255 milites
476 224 531 257 isti
886 234 918 265 2.
944 232 1050 273 Dagni
1077 233 1207 266 clientes

303 269 353 301 bis
380 271 521 313 ducenti,
547 275 622 313 quia
648 277 766 310 Christi
991 281 1089 320 virgis
1114 286 1257 314 sanctum
1281 279 1433 313 ferientes

253 316 379 349 Nomen
404 327 468 351 non
497 320 658 367 deserunt,
944 327 1106 360 Deficiunt
1128 330 1216 371 lassi,

300 374 360 405 pro
385 368 418 397 te
442 368 602 408 supplicia
627 369 745 406 ferunt.
990 376 1090 416 magis
1116 377 1309 409 cruciamina
1334 377 1433 417 passi.

195 422 226 454 3.
254 421 317 453 Per
342 424 375 453 te
400 423 551 456 virtutem
885 434 916 465 3.
943 433 993 464 Ex
1023 432 1136 466 ferreis
1158 434 1271 466 massis

300 472 373 501 sunt
400 473 432 502 et
456 476 584 505 secutae
608 474 743 507 salutem
990 479 1128 514 infertur
1151 482 1244 522 ignea
1270 481 1368 513 cassis

251 516 314 548 Per
334 518 453 572 ‚bravia
477 520 554 552 bina
943 527 1183 570 Christophoro,
1210 538 1285 562 vere

299 565 423 598 N1caea
448 576 518 599 cum
546 568 707 608 Aquilina.
991 576 1041 607 cui
1074 576 1121 609 vis
1146 577 1257 617 nequit
1279 577 1346 609 ulla
1375 585 1498 609 nocere.

391 641 601 678 Responsoria.
884 634 915 665 4.
944 632 1077 665 Scamno
1104 633 1231 675 ligatus,

990 679 1095 712 ferreo
1120 682 1254 721 piceque
1278 679 1456 712 flammatus

940 727 1063 759 Mansit
1088 732 1120 760 et
1142 730 1285 768 illaesuS,

987 784 1140 815 respuens
1166 777 1291 809 ardoris
1316 775 1473 808 ambesus.

942 832 1060 872 Stipite
1084 834 1275 866 constrictus

987 881 1171 920 sagittarum
1198 881 1333 921 pertulit
1356 880 1438 911 ictus

937 928 983 959 Et
1010 928 1099 959 stetit
1122 930 1260 960 intactus

986 975 1088 1007 victor
1111 977 1145 1007 in
1168 976 1340 1008 certamine
1364 974 1479 1009 factus.

194 698 225 732 1.
254 699 504 739 Christophorus
527 701 621 733 etiam
640 703 812 742 plurimum

302 746 460 787 Coeperat
483 748 647 788 admirari,

253 794 316 826 Per
342 804 475 834 puerum
502 799 566 827 tam
589 796 751 830 minimum

299 842 340 874 Se
365 843 461 874 nimis
486 846 705 886 praegravari,
883 836 913 865 5·

249 890 306 923 Cui
332 899 413 931 puer
437 890 471 922 in
495 891 635 923 humeris

295 937 508 978 Respondens
534 939 580 971 ait
603 939 676 973 isti:

247 984 363 1017 Mundi
388 985 491 1017 Deum
518 989 549 1017 et
574 987 713 1020 aetheris

295 1032 399 1072 Super
427 1036 461 1064 ‘te
484 1033 644 1074 habuist13
1056 1040 1102 1067 Ad
1122 1041 1308 1069 Benedictus.

174 1079 214 1112 V.
245 1079 335 1111 Dans
360 1081 445 1112 intel*
470 1081 610 1121 Signum:
864 1089 904 1121 A,
940 1088 1009 1120 Rex
1033 1088 1164 1129 Dagnus
1195 1090 1307 1131 elatus,

293 1130 398 1160 terrae
424 1127 530 1160 baculi
558 1127 620 1169 fige
644 1129 782 1170 lignum3
983 1136 1099 1176 sagitta
1126 1138 1354 1181 monoculatus,

247 1174 323 1207 Cum
357 1174 514 1207 fructibus
538 1174 633 1208 flores
935 1183 1097 1223 Sanguine
1121 1187 1262 1224 sanatur⁷

291 1232 363 1255 mox
391 1226 539 1255 crescunt
562 1223 737 1259 uberiores,
976 1230 1294 1272 cumOhristophorus
1303 1233 1491 1273 decollatur,

186 1281 215 1311 2.
245 1280 494 1320 Christophorus
519 1280 553 1311 in
579 1279 689 1313 Cilicia
932 1278 1105 1318 Accipiens
1130 1279 1226 1311 fidem

292 1327 472 1368 Samonque
501 1327 631 1359 civitate
981 1326 1489 1370 Christi,quampraedicatidem,

242 1375 312 1407 Deo
339 1374 424 1408 fudit
448 1375 605 1415 supplicia
931 1373 1109 1413 Exsequias
1135 1375 1238 1407 sancti

290 1423 371 1455 Vota
397 1423 587 1455 credulitate
980 1421 1076 1453 coluit
1102 1431 1171 1454 cum
1195 1422 1314 1463 populo
1340 1423 1421 1454 tanti

242 1471 305 1502 Pro
330 1471 551 1511 intellegentia
931 1469 1156 1502 Benedicendo

289 1518 334 1550 Et
359 1518 546 1550 effabilitate
978 1517 1149 1549 Dominum
1169 1518 1288 1558 gratias
1308 1522 1340 1549 et
1355 1519 1492 1559 agendo.

240 1565 394 1606 Linguae,
423 1575 515 1606 quam
540 1566 747 1605 providentia

290 1613 350 1645 Dei
376 1614 464 1654 sapit
489 1613 634 1653 benigne.
997 1613 1044 1645 In
1071 1614 1103 1645 2.
1129 1613 1352 1654 Vesperis.

169 1660 207 1695 V.
240 1661 326 1693 Voce
350 1661 580 1702 praedicantis,
1051 1688 1098 1715 Ad
1118 1688 1298 1725 Magnificat.

289 1710 379 1750 signo
405 1710 515 1749 virgae
538 1707 720 1742 floridantis

241 1757 336 1789 Milia
361 1760 494 1797 septena

289 1807 364 1837 vota
406 1806 482 1837 dant
521 1804 648 1837 Christo
694 1807 801 1837 mente

859 1747 900 1779 A.
930 1747 1012 1786 Ave,
1043 1750 1153 1779 sancte
1179 1748 1304 1788 egregie

934 1794 1052 1827 Christi
1079 1798 1203 1835 martyr
1228 1795 1468 1835 Christophore‚

932 1843 1013 1886 Ave,
1041 1852 1126 1875 nunc
1151 1843 1298 1876 caelestis
1323 1844 1416 1875 aulae

569 1861 693 1886 serena.

977 1890 1068 1922 miles
1092 1891 1223 1932 invicte,

327 1950 374 1982 In
400 1948 635 1982 Laudibus·
929 1939 1027 1978 Quem
1054 1938 1316 1972 Ghananaeorum

450 2026 456 2032 ¹
974 1986 1052 2018 urbs
1078 1988 1198 2030 genuit,

386 2024 584 2061 Anhphonae.
925 2035 1053 2067 Berona
1077 2040 1189 2068 nostra

180 2083 208 2116 1.
237 2083 486 2124 Christophorus
512 2084 637 2115 vinctus
974 2085 1145 2122 patronum
1171 2083 1358 2126 promeruit,

287 2134 319 2163 et
344 2130 432 2164 ferro
459 2140 587 2163 carcerc
614 2131 747 2172 cinctus,
928 2131 992 2164 Ora
1017 2139 1076 2170 pro
1102 2131 1220 2172 populo
1245 2131 1391 2171 salutem,

236 2180 331 2212 Virus
357 2183 392 2211 ut
417 2182 576 2211 austerum
927 2179 1057 2212 Cunctis
1084 2182 1116 2211 et
1139 2187 1251 2219 pacem

282 2228 392 2260 luxum
418 2228 542 2268 sprevit
566 2227 745 2260 mulierum.
924 2226 969 2259 Et
986 2227 1085 2258 vitam
1099 2236 1234 2267 poscens
1248 2227 1484 2267 sempiternam.

238 2284 359 2321 Antiph.
387 2293 442 2312 ms.
464 2285 632 2312 Ilei-onense
658 2293 734 2312 saec.
758 2282 801 2311 16.
844 2283 913 2311 Cod.
934 2283 1094 2310 Eremiten.
1117 2281 1182 2311 729.
1207 2299 1244 2303 —-
1267 2284 1311 2311 In
1333 2282 1357 2311 1.
1378 2284 1486 2320 Vesp.

160 2320 255 2357 Super
273 2323 322 2351 Ps.
345 2322 376 2357 Α,
392 2321 409 2351 6
430 2324 534 2360 poenis
555 2324 637 2350 atris.
660 2338 699 2343 —
721 2320 750 2356 R,
768 2321 784 2351 6
803 2322 845 2349 Et
864 2324 909 2349 tot
929 2324 958 2349 et
977 2324 1069 2349 tanta.
1089 2336 1127 2341 —-
1146 2322 1256 2350 Invit.
1276 2321 1296 2349 4
1315 2322 1433 2358 psallat.
1448 2338 1486 2342 —

158 2359 199 2387 In
225 2359 248 2389 1.
269 2362 376 2390 Noct.
406 2359 425 2388 R
449 2359 474 2396 3,
498 2359 534 2389 12
558 2364 588 2389 et
607 2370 680 2390 mea.
701 2376 738 2380 --
760 2361 802 2388 In
824 2359 849 2387 2.
871 2360 922 2388 No
932 2362 974 2388 ct.
997 2358 1019 2386 Α
1041 2358 1067 2393 2,
1088 2357 1106 2387 3
1127 2369 1170 2397 sq.
1193 2360 1361 2388 Perducunt
1380 2362 1485 2399 Dagno

158 2397 412 2437 Christophorum.
453 2417 459 2420 -
481 2398 501 2426 R
526 2398 550 2433 1,
570 2398 604 2427 11
622 2399 770 2428 Christum
786 2399 821 2427 ad
838 2400 966 2435 ergiinzt.
981 2413 1009 2418 —-
1036 2396 1055 2424 Β
1071 2396 1096 2432 2,
1112 2397 1130 2427 3
1150 2400 1288 2427 traicerer
1310 2402 1487 2437 ementes.—

156 2442 197 2470 In
214 2438 241 2469 3.
255 2440 282 2468 N
295 2448 310 2467 ο
321 2442 361 2466 ct.
378 2438 399 2465 Α
418 2437 442 2474 1,
454 2436 473 2466 4
487 2447 597 2474 cyppo;
614 2438 668 2467 lies
685 2438 850 2475 cippoque?
865 2454 900 2458 --
916 2436 937 2464 Α
954 2435 981 2473 2,
992 2434 1010 2465 3
1025 2437 1223 2466 deseruerunt.
1237 2454 1270 2458 —
1284 2437 1306 2465 Α
1318 2437 1437 2476 2‚4per
1447 2441 1484 2467 te.
