1655 2568
677 81 912 116 ,ιω-

218 179 323 212 Nudis
348 181 467 220 plantis
492 180 668 220 ambulanS,

217 228 352 261 Crucem
379 229 475 260 corde
497 228 643 260 baiulans

215 275 342 315 Martyr
367 279 436 307 erat
457 277 619 308 voluntate

215 322 262 354 Et
286 324 395 355 vivens
420 323 453 355 in
478 323 618 363 puritate

217 370 372 402 Mundum
399 369 477 402 vicit
501 371 644 403 caritate.

176 442 183 449 .
217 417 366 450 Vincenti
400 417 480 450 dabo
506 417 595 449 edere
619 416 657 449 de
683 415 769 456 ligno

215 465 309 499 vitae.

278 587 327 619 In
355 589 385 620 3.
413 587 643 619 Nocturno.

362 662 558 697 Antiphonae.

187 744 195 751 .
222 718 413 751 Sedunensis
439 719 575 758 regionis

222 766 280 797 Vir
303 774 435 806 magnae
460 765 621 805 religionis

219 814 341 845 Aurum
363 821 494 852 praeses
520 812 644 854 obtulit,

220 859 311 898 Quod
336 860 496 892 recusavit
518 860 651 891 Amatus

220 908 334 940 Postea
357 906 459 939 factus
485 907 646 946 praelatus

218 954 262 987 Et
286 957 447 994 repertum
473 954 597 985 abiecit.

187 1038 194 1045 .
219 1011 271 1043 Ab
297 1011 412 1043 abbate
436 1010 571 1042 Luxovii

219 1057 375 1089 visitatus
403 1057 544 1089 coenobii

222 1104 410 1137 Consolatur
428 1104 602 1143 humiliter,

223 1151 299 1184 Cum
325 1161 384 1192 quo
411 1151 515 1191 pergit
538 1150 716 1184 Luxovium

222 1199 286 1232 Ubi
313 1200 427 1231 claruit
452 1199 581 1231 nimium

223 1247 325 1279 Huius
350 1246 452 1278 sancti
479 1245 708 1277 commercium.

189 1329 196 1336 .
220 1302 306 1335 Loco
337 1310 427 1334 sacro
451 1302 520 1334 Deo
547 1301 728 1334 deserviens

222 1349 268 1382 Et
289 1349 471 1389 praeceptis
494 1349 574 1389 legis
598 1349 770 1381 oboediens

222 1397 355 1429 Praesul
380 1395 482 1428 factus
509 1396 701 1429 Sedunensis

222 1443 272 1476 Sit
295 1444 397 1475 nostri
420 1445 542 1475 scutum
570 1446 602 1475 et,
626 1443 719 1476 ensis.

357 1526 565 1562 Responsoria.

189 1613 197 1620 .
222 1584 450 1627 Theodoricus‚
474 1584 671 1617 Francorum

224 1633 303 1671 Rex,
331 1633 476 1664 suasione
500 1632 654 1665 malorum

221 1679 345 1712 Exsilio
378 1679 544 1719 deputavit

221 1728 426 1759 Innocentem
450 1727 650 1768 praesulem3

225 1774 280 1806 Vir
305 1773 405 1804 mirae
432 1774 629 1805 constantiae

221 1823 328 1860 Atque
352 1829 485 1860 magnae
509 1821 699 1860 prudentiae

226 1868 382 1902 Sustinuit
410 1867 547 1900 viriliter

224 1917 348 1948 Iussum
374 1913 494 1946 factum
519 1916 701 1948 crudeliter.

169 1965 191 1995 ’.
222 1962 330 2004 Beati,
362 1963 419 2002 qui
434 1963 692 2001 persecutionem
709 1972 779 2004 pa—

224 2010 352 2044 z‘imzt‘w‘
375 2012 510 2049 propter
533 2010 706 2043 iustitiam.

191 2095 197 2100 .
224 2067 366 2100 Virtutes
392 2069 424 2098 et
445 2066 593 2107 prodigia

225 2115 319 2148 Fecit
341 2114 449 2145 multis
473 2114 566 2146 utilia

223 2163 332 2202 Atque
359 2162 460 2193 multa
484 2162 647 2201 miracula,

224 2210 312 2249 Quae
336 2209 461 2249 scripta
484 2212 558 2241 sunt
581 2208 761 2251 matricula,

226 2256 275 2289 Ne
299 2259 411 2296 pereat
435 2257 597 2290 memoria.

185 2329 193 2338 .
224 2303 374 2337 Gloriam
391 2307 421 2336 et
431 2304 583 2337 honorem
594 2305 781 2345 imposuisti

225 2361 324 2392 super
348 2361 431 2386 eum.

843 179 873 210 3.
901 176 984 209 Dum
1001 176 1134 209 Amatus
1159 173 1227 214 regi
1253 171 1451 213 producitur,

899 224 1015 256 Matris
1063 222 1125 255 Dei
1176 221 1328 261 templum
1377 228 1452 258 pro-

1225 267 1380 309 graditur,

898 320 944 352 Et
969 319 1043 351 dum
1067 327 1126 359 per
1142 318 1226 350 hunc
1244 324 1347 356 cappa
1365 314 1453 346 exui-

1226 367 1289 403 tur,

900 415 1009 447 Oratio
1039 421 1097 453 per
1119 414 1224 452 ipsum
1249 410 1405 450 funditur,

898 460 998 494 Iubar
1024 461 1103 493 caeli
1130 460 1266 499 desuper
1291 458 1416 497 claruit,

901 510 1090 542 cameracae
1146 508 1218 547 plus
1265 515 1357 545 quam
1408 505 1455 537 sol

1225 553 1346 593 micuit,

829 605 869 639 V.
899 604 944 635 Et
968 604 1015 634 sic
1039 603 1143 642 patuit,
1165 601 1318 634 sanctitas

902 651 1053 683 Primitus
1079 649 1275 691 abscondita,

900 698 954 730 Sic
979 697 1093 729 claruit
1119 696 1229 729 civitas

900 745 1005 785 Super
1032 746 1171 777 montem
1196 743 1311 786 posita.

842 805 874 836 4.
900 801 1078 835 Aurivillae
1103 801 1236 833 basilica

900 849 1048 890 Sepultus
1074 851 1122 879 est
1146 846 1290 885 mirifice,

899 896 1026 928 Laudes
1050 895 1112 927 sibi
1134 894 1335 927 cantantibus

902 943 1013 975 Choris
1038 946 1133 981 atque
1157 941 1366 974 fundantibus

895 990 1058 1023 Ecclesiae
1081 988 1286 1031 multiplices,

898 1038 938 1069 In
961 1037 1075 1077 quibus
1100 1037 1241 1076 psalmos
1266 1037 1427 1077 supplices

900 1084 966 1117 Sibi
994 1087 1123 1116 cantant
1149 1084 1267 1116 cotidie

902 1131 1004 1164 Cantu
1027 1140 1162 1171 magnae
1186 1131 1354 1163 melodiae.

830 1179 869 1211 V.
899 1178 974 1211 Erit
1000 1179 1066 1210 eius

949 1226 1131 1266 sepulcrum
1155 1225 1336 1265 gloriosum,

904 1273 999 1313 Cuius
1026 1277 1073 1304 est
1097 1281 1176 1312 opus

949 1319 1084 1353 Domino
1110 1320 1292 1360 gratiosum.

992 1424 1039 1456 In
1064 1422 1296 1456 Laudibus.

1048 1498 1245 1534 Antiphonae.

848 1557 877 1589 1.
903 1557 1038 1589 Amatus
1063 1556 1116 1588 hic
1139 1555 1329 1596 nominatus,

904 1604 1049 1637 Eremita
1073 1604 1142 1635 Deo
1170 1604 1272 1644 datus,

906 1651 1011 1692 Supra
1036 1651 1142 1683 caelos
1167 1654 1217 1682 est,
1241 1652 1427 1684 translatus.

847 1709 880 1741 2.
906 1707 1001 1748 Signo
1028 1707 1131 1739 crucis
1157 1710 1205 1738 est
1228 1709 1378 1750 munitus,

904 1754 1029 1787 Inimici
1052 1763 1171 1794 pravus
1196 1755 1276 1787 ritus

906 1803 969 1835 Per
990 1803 1095 1842 ipsum
1120 1802 1298 1842 repellitur.

849 1859 880 1892 3.
906 1858 958 1891 Ab
984 1858 1122 1890 obsessis
1148 1859 1346 1901 corporibus,

906 1905 990 1938 Dum
1014 1906 1154 1946 imperat
1179 1907 1394 1948 daemonibus,

907 1953 998 1992 Ipsos
1025 1953 1114 1993 fugat
1137 1954 1303 1987 miraculo.

848 2010 880 2042 4.
906 2009 958 2041 Ab
985 2010 1105 2051 angelis
1130 2010 1291 2049 visitatur,

908 2056 1024 2089 Vivens
1050 2059 1135 2089 solus
1162 2058 1387 2098 comprobatur

910 2103 1014 2144 Signis
1040 2105 1250 2138 mirabilibus.

852 2163 881 2194 5.
909 2161 1014 2193 Tanta
1039 2166 1108 2195 erat
1134 2163 1200 2194 eius
1225 2165 1380 2205 potentia,

909 2208 1001 2247 Quot-1
1026 2218 1104 2242 voce
1127 2219 1186 2242 sua
1208 2211 1322 2243 sedula

909 2256 1025 2288 Nullus
1069 2258 1256 2291 daemonum
1296 2260 1339 2292 ad
1381 2262 1466 2296 hunc

1238 2308 1392 2341 accedere

911 2355 1017 2385 Ausus
1043 2357 1112 2386 erat
1135 2354 1185 2386 vel
1201 2355 1304 2396 ipsum
1324 2359 1464 2399 tangere.
