1653 2567
669 152 702 156 —
753 130 914 166 204—

208 228 320 261 Cordis
344 228 509 270 pudicitia,

252 277 354 308 Facto
380 275 463 316 quod
488 275 685 308 monstravit.

319 378 365 406 Ad
390 378 573 407 Benedictus.

144 457 184 490 A.
214 455 354 494 Corpore
378 455 507 494 grandis
534 456 613 494 erat,

262 502 433 534 venerandi
459 500 565 533 fronte
589 501 729 540 pudoris,

213 549 273 580 Pro
301 548 426 582 Christo
451 549 593 580 modicus

259 596 448 635 contempsit
476 596 599 626 culmen
621 595 760 636 honoris,

211 642 303 674 Nunc
326 642 359 673 in
385 642 543 674 oaeiorum

258 689 374 730 gaudet
400 692 431 720 et
454 689 524 729 ipse
550 688 664 722 choris.

959 227 1006 258 In
1031 228 1064 259 2.
1090 226 1199 265 Vesp
1210 226 1308 258 eris.

1005 302 1051 330 Ad
1070 300 1249 338 Mag-nificat.

816 360 857 392 A.
889 359 1043 399 Christus,
1071 368 1128 391 rex
1153 359 1337 396 altissimus,

932 406 1042 439 Firma
1066 415 1139 447 spes
1164 407 1327 448 bonorum,

891 455 1079 488 Consolator
1103 455 1241 494 optimus

936 500 981 532 Et
1002 504 1130 534 sanctus
1155 503 1347 541 sanctorum,

890 548 949 588 Qui
975 557 1044 580 cum
1070 548 1298 589 Christophoro

940 595 996 626 dat.
1019 595 1111 628 nobis
1135 605 1234 637 regna
1258 596 1413 636 poiorum‚

889 642 951 674 Est.
972 643 1027 674 ubi
1052 646 1234 675 cunctorum

937 691 1062 730 requies
1087 691 1271 723 veneranda
1287 690 1442 722 laborum.

217 755 301 782 Brev.
331 754 527 782 Aarhusiense
557 755 625 789 imp.
651 753 815 781 Aarhusiae
843 752 924 781 1519.
949 755 983 781 A.
1016 771 1053 775 —-
1083 755 1169 783 Brev.
1194 756 1352 784 Lundense
1376 757 1446 791 imp.

143 793 266 820 Parisiis
289 790 370 819 1517.
391 793 423 819 Β.
439 806 475 811 -
496 792 538 819 In
566 789 592 819 1.
614 792 719 826 Vesp.
741 790 834 828 Super
850 792 900 820 Ps.
925 790 973 818 ΑΑ
1000 793 1098 821 fehleu
1118 794 1150 821 B.
1170 808 1209 813 -—
1228 794 1269 821 In
1296 791 1320 821 1.
1341 793 1445 821 Noct.

142 828 163 856 R
183 828 211 863 3,
231 829 248 857 5
268 830 342 857 fehlt.
360 831 426 857 eine
447 829 529 857 Siibe
549 829 607 857 AB.
629 844 662 848 --
685 829 726 856 [n
744 827 772 857 3.
792 829 891 858 Noct.
914 828 936 856 Α
959 828 983 864 1,
1006 830 1021 858 1
1039 830 1112 858 Cum
1125 831 1273 859 Christum
1293 832 1326 859 B.
1345 846 1383 850 —
1403 832 1445 858 In

138 868 244 895 Laud.
267 866 289 893 Α
308 866 334 902 2,
350 865 364 894 1
379 867 518 895 Mundum
532 867 566 895 A.
581 881 617 884 —
639 867 664 894 A
678 867 730 894 hat
746 867 832 895 hiezu
846 867 892 895 die
909 868 1058 902 Hymnen:
1077 869 1191 905 Martyr
1204 870 1331 896 invictus
1345 869 1444 904 (Vesp-

140 908 169 933 et
186 905 278 934 Laud.
298 905 383 933 Anal.
404 903 514 938 XXIII,
537 902 602 939 154)
621 905 696 932 und:
719 905 803 932 Haec
822 904 884 932 dies
905 907 982 933 iusto
1002 905 1096 941 (Noet.
1117 906 1203 934 Anal.
1221 906 1333 941 XXIII,
1353 905 1425 942 155).

548 1024 594 1055 72.
625 1025 668 1055 De
689 1026 794 1055 sancto
818 1024 1044 1065 Ohristophoro.

285 1096 329 1127 In
356 1095 386 1126 1.
413 1094 628 1133 vesperis.

333 1167 378 1194 Ad
398 1166 578 1203 Magnificat.

144 1228 181 1260 A.
214 1226 306 1258 Nova
332 1225 575 1264 Christophorus
601 1228 705 1256 mente

265 1273 382 1313 Magno
409 1274 536 1312 cupiens
562 1272 690 1314 servire,

216 1319 373 1351 Mundiali
397 1322 507 1358 spreta
530 1321 623 1359 gente

260 1368 311 1399 Ad
338 1366 456 1398 maiora
481 1374 633 1405 quaerens
657 1366 714 1406 ire,

213 1414 393 1445 Illustratus
419 1415 466 1445 est
490 1417 622 1452 repente

262 1460 418 1493 Christum
446 1468 535 1500 reges
561 1460 690 1492 anteire.

274 1555 336 1586 Ad
360 1554 624 1588 Matutinum.

345 1628 558 1656 Invitatorium.

214 1685 340 1717 Patrem
365 1695 423 1717 nos
448 1685 709 1727 Giiristophorum

263 1733 381 1764 Merito
406 1733 579 1773 laudemus,

215 1780 295 1811 1nde
319 1779 379 1811 Dei
403 1781 512 1819 filium,

263 1826 386 1866 Venite,
419 1829 595 1861 adoremus

272 1921 317 1953 In
345 1921 374 1954 1.
402 1921 626 1954 Nocturno.

359 1995 551 2032 Antiphonae.

159 2053 190 2085 1.
215 2052 403 2085 meditando
427 2054 529 2093 legem
554 2054 672 2086 Christi

265 2100 321 2132 Vir
347 2099 591 2140 Christophorus
615 2101 736 2142 beatuS,

218 2147 365 2179 Invenire
392 2148 485 2180 datur
508 2149 573 2189 isti,

264 2195 329 2233 Quo
356 2195 486 2228 docetur
512 2195 710 2229 informatus.

161 2252 191 2282 2.
218 2249 320 2291 Super
345 2251 419 2284 Sion
446 2256 588 2284 sanctum
613 2257 749 2285 montem

265 2299 380 2338 Verbo,
407 2300 473 2332 vita
497 2301 706 2343 praedicavit,

216 2345 429 2386 Supernorum
456 2348 565 2380 bibens
592 2347 709 2381 fontem

265 2394 368 2434 Signis
394 2396 515 2427 crebris
542 2399 726 2430 coruscavit.

835 1095 864 1127 3.
891 1095 960 1127 Deo
985 1104 1111 1135 semper
1135 1096 1313 1135 susceptori

939 1142 980 1174 Se
1007 1142 1097 1175 dedit
1122 1152 1160 1174 ex
1185 1143 1316 1184 intimis,

892 1190 949 1223 Cui
975 1190 1119 1222 Christus
1145 1191 1220 1232 vita,
1251 1190 1332 1222 mori

937 1235 1076 1268 Lucrum
1100 1237 1134 1268 in
1158 1238 1331 1270 altissimis.

833 1294 865 1326 4.
891 1292 1083 1325 Mirificatur
1107 1293 1204 1326 hodie

941 1340 1074 1372 Sanctus
1099 1341 1151 1372 hic
1176 1341 1298 1382 beatus,

890 1387 1035 1420 Haerens
1058 1388 1130 1421 Deo
1156 1389 1276 1429 gloriae

940 1434 1034 1467 Caelo
1058 1435 1258 1468 sublimatus.

833 1492 864 1523 5.
891 1491 1062 1531 Postquam
1087 1500 1193 1524 coram
1218 1492 1355 1526 Domino

940 1539 1030 1570 Viam
1057 1539 1109 1571 hic
1134 1540 1260 1578 direxit,

894 1586 1103 1626 obsequendo
1127 1588 1261 1626 parvulo

939 1633 1088 1666 Flumine
1115 1636 1302 1667 transvexit.

837 1690 869 1722 6.
895 1690 1005 1722 Honor
1030 1694 1126 1730 atque
1150 1692 1253 1731 gioria

939 1737 1057 1769 Merito
1081 1742 1259 1779 cantantur,

893 1784 997 1825 Digna
1023 1786 1111 1817 cuius
1137 1786 1252 1818 merita

942 1830 1050 1863 Sancti
1076 1833 1333 1873 comprobantur.

1029 1917 1237 1952 Responsoria.

837 1972 867 2004 1.
894 1972 1056 2005 Gaudiosa

941 2028 1093 2060 praesens
1119 2023 1325 2062 sollemnitas,

894 2068 1092 2101 Recensetur

943 2124 1003 2154 qua
1029 2117 1114 2148 vitae
1139 2119 1303 2160 sanctitas,

894 2163 1000 2195 Patris
1028 2161 1145 2208 [huius]

941 2209 1082 2243 refertur
1108 2212 1256 2254 dignitas,

894 2257 995 2290 Nobis
1023 2259 1120 2291 donet

942 2305 1027 2337 vitae
1053 2306 1204 2348 deiicias3

825 2352 862 2384 V.
893 2352 985 2385 Servi
1011 2355 1093 2395 regis

942 2402 1062 2433 aeterni
1088 2403 1232 2436 sedulum
