1653 2567
166 221 198 253 3.
226 219 337 252 Annos
362 220 457 253 Anna
480 221 659 260 pubertatis

274 268 385 308 Dignis
413 277 544 301 currens
574 269 728 308 cursibus,

228 315 303 348 Viro
328 317 415 355 paris
441 317 616 350 honestatis

275 364 369 403 Legis
395 364 485 396 nubit
511 365 635 404 ritibus,

185 436 193 443 .
223 411 367 443 Ioachim
393 415 441 443 est
463 412 665 452 desponsata,

225 459 407 500 Purpurata
436 461 467 491 et
493 460 594 492 ditata

272 507 385 539 Floret
410 507 518 547 aequis
542 507 693 539 moribus.

195 590 201 596 .
228 563 330 595 Actus
355 564 493 596 vitantes
519 564 671 596 obscenos

274 611 403 644 Caelibe
428 612 608 652 coniugium

225 658 337 691 Annos
362 660 455 691 simul
479 668 538 698 per
564 660 612 691 bis
638 659 735 690 denos

274 707 331 738 Pio
358 707 468 738 vivunt
490 707 606 748 studio,

188 775 195 783 .
227 754 329 785 Ambo
356 754 492 794 denique
515 754 649 792 nobiles,

230 800 293 832 Sed
320 802 438 834 ventris
465 800 572 833 fructu
595 802 731 836 steriles,

286 915 329 947 In
356 916 385 946 2.
413 915 641 949 Nocturno.

369 999 564 1036 Antiphonae.

194 1090 201 1097 .
228 1066 346 1097 Divina
369 1066 491 1099 iustitia

274 1113 324 1145 De
349 1115 436 1146 caelo
461 1114 638 1154 prospexit,

228 1160 322 1192 Sorte
345 1161 521 1194 multifaria

276 1210 362 1248 Quae
385 1211 511 1241 Annam
536 1209 687 1248 protexit.

198 1291 205 1298 ,
231 1265 356 1297 Sanctis
382 1270 457 1297 sunt
479 1265 512 1296 in
536 1265 695 1297 montibus

276 1314 391 1345 Annae
414 1312 630 1351 fundamenta,

229 1360 315 1399 Quae
338 1369 464 1399 semper
487 1360 658 1392 virtutibus

273 1407 406 1440 Virebat
428 1408 561 1439 intenta.

195 1489 202 1497 ,
228 1463 387 1496 Extendit
409 1465 451 1496 :td
477 1462 574 1496 fortia

275 1511 370 1543 Felix
392 1512 449 1543 illa
472 1520 609 1550 manum,

227 1557 280 1590 Sic
303 1559 337 1590 in
359 1559 543 1591 innocentia.

272 1606 430 1638 Mundum
459 1606 536 1638 vicit,
561 1615 685 1639 vanum.

195 1686 201 1693 .
227 1662 411 1701 Praeceptis
435 1662 590 1702 legalibus

275 1710 358 1741 Tota
381 1709 567 1741 intendebat

228 1756 297 1788 Nec
319 1756 395 1788 ullis
420 1757 576 1788 erratibus

275 1805 327 1836 Ab
353 1804 403 1835 his
427 1805 607 1839 recedebat,

195 1888 202 1895 ,
228 1860 306 1892 Viro
330 1861 440 1893 iuncta
463 1861 550 1893 socia

276 1909 369 1940 Nexu
395 1909 562 1950 coniugali,

226 1955 306 1988 Boni
331 1958 438 1987 tamen
464 1958 589 1989 conscia

276 2003 390 2036 Morbo
417 2012 527 2035 carens
552 2005 639 2040 mali.

177 2063 201 2095 ².
230 2061 377 2094 Gaudeat
400 2062 535 2093 ecclesia

275 2110 389 2140 Annae
415 2110 455 2141 de
478 2110 589 2151 natali,

226 2156 383 2189 Habentis
409 2157 542 2189 exordia

275 2204 325 2237 De
348 2204 450 2245 stirpe
473 2206 584 2245 regali.

364 2290 574 2327 Responsoria.

192 2383 199 2390 .
222 2357 295 2389 Iesu
322 2357 458 2399 Christe,
481 2368 581 2399 nepos
605 2359 692 2391 cuius

228 2405 278 2438 Tu
303 2415 345 2446 es,
369 2406 408 2438 ob
434 2416 572 2439 amorem
594 2407 687 2439 huius

904 221 1023 253 Molem
1045 223 1174 261 tergens
1198 218 1401 259 peccatorum

904 269 1014 309 Regno
1039 266 1180 300 transfer
1204 275 1260 298 nos
1285 264 1440 305 polorum,

833 315 872 348 V.
901 315 1104 348 Fecundatos
1128 315 1248 346 inclitis

908 364 1070 397 castitatis
1095 363 1227 395 meritis.

848 422 880 453 2.
903 420 956 452 Ex
982 419 1145 453 Nazareth
1169 418 1311 452 Ioachim

953 468 1114 508 Originem
1138 468 1346 507 produxerat,

905 517 1032 548 Annam
1055 515 1139 548 hanc
1160 515 1194 547 in
1218 513 1405 547 Bethlehem

955 563 1050 596 Clara
1077 564 1177 602 stirps
1201 564 1362 604 genuerat,

836 610 872 643 V.
901 611 1022 642 Ambos
1048 618 1148 651 aeque
1171 611 1306 649 nobiles,

908 657 1046 691 Devotos
1072 661 1104 689 et
1127 658 1276 697 dapsiles.

850 715 879 747 3.
904 714 964 746 Rei
988 723 1064 746 suae
1089 714 1301 747 substantiam

953 762 1080 794 Devota
1105 762 1334 795 consuetudine

907 809 996 841 Dant
1019 811 1169 848 partitam
1196 809 1354 842 trifariam

956 857 1029 889 Vivi
1053 857 1114 889 Dei
1138 867 1197 896 pro
1222 858 1358 899 nomine,

838 905 875 936 V.
905 905 1035 936 Partem
1061 905 1137 937 dant
1163 904 1337 948 egentibus,

908 953 1037 984 Partem
1059 952 1289 992 sacerdotibus,

908 999 1037 1031 Partem
1062 1000 1127 1031 suis
1152 1000 1271 1033 usibus.

849 1057 881 1088 4.
908 1055 1030 1087 Horum
1055 1057 1121 1088 vita
1146 1055 1207 1088 fuit
1230 1059 1321 1097 grata

954 1103 1023 1135 Deo
1048 1104 1080 1134 in
1108 1104 1308 1146 caelestibus,

907 1150 945 1181 In
970 1152 1088 1182 virtute
1112 1151 1251 1183 solidata

955 1199 1090 1230 Placens
1121 1201 1151 1230 et
1176 1199 1365 1237 hominibus,

837 1246 876 1278 V.
908 1244 979 1276 Non
1003 1245 1145 1286 indigne,
1170 1247 1228 1278 sed
1253 1250 1317 1278 tam
1345 1247 1439 1288 digne

954 1293 1042 1324 Rosa
1064 1293 1175 1325 iuncta
1196 1294 1276 1327 lilio.

970 1427 1016 1458 In
1042 1428 1075 1460 3.
1100 1427 1331 1461 Nocturno.

1052 1511 1098 1538 Ad
1120 1510 1250 1539 Cantica.

838 1580 877 1611 A.
906 1578 1022 1611 Mundi
1046 1579 1152 1619 decus,
1179 1580 1293 1620 orbita,

958 1626 1132 1659 Gratulans
1156 1627 1278 1660 laetare

910 1674 1108 1706 celebrando
1132 1675 1245 1707 inclita

957 1721 1055 1753 Festa
1079 1723 1192 1754 Annae
1217 1723 1333 1756 clarae.

1045 1807 1225 1843 Rcsponsori
1229 1816 1254 1835 a.

854 1875 884 1906 1.
912 1874 1054 1915 Angelus
1078 1875 1136 1907 hos
1163 1878 1354 1918 consolatur,

909 1921 1038 1954 Eisdem
1065 1923 1139 1955 dum
1164 1925 1329 1957 nuntiatur

956 1969 1159 2003 Nascituram
1184 1971 1294 2011 filiam,

908 2017 1031 2050 Mundo
1059 2019 1187 2050 dantem
1213 2021 1360 2061 gratiam,

907 2064 1041 2105 Angelis
1069 2066 1235 2108 laetitiam,

957 2112 1110 2146 Trinitati
1134 2115 1278 2156 gloriam.

838 2160 876 2193 V.
908 2159 1037 2202 spargit
1062 2165 1097 2193 ut
1121 2163 1170 2195 sol
1193 2165 1330 2207 radium,

910 2208 1020 2240 Pariet
1043 2209 1124 2242 haec
1146 2209 1258 2254 filium,

910 2256 1005 2288 Vitae
1030 2257 1158 2291 dantem
1185 2259 1339 2295 bravium.

851 2314 883 2345 2.
909 2313 1006 2345 Anna
1028 2316 1159 2348 tandem
1183 2316 1283 2350 filiam

909 2361 1039 2401 Peperit
1064 2364 1222 2409 eximiam,

958 2410 1089 2444 Maeror
1112 2415 1312 2456 terminatur,
