1653 2567
691 134 905 168 -6-

153 229 206 263 Zu
228 230 416 265 bemerken
442 230 497 274 ist,
526 229 599 265 dais
620 229 808 264 Pecchams
827 225 987 262 Officium
1010 223 1254 270 ursprunglich
1278 232 1347 258 nur
1369 223 1463 258 beim

151 285 514 322 Franziskanerorden
546 287 583 321 in
607 285 746 322 Brauch
778 294 849 320 war
877 284 948 319 und
978 281 1066 319 bloss
1091 282 1127 317 in
1153 280 1270 317 solche
1295 279 1467 315 romische

151 341 290 378 Bucher
314 341 503 387 uberging,
534 343 590 378 die
615 343 681 379 seit
706 341 822 378 Sixtus
843 340 902 375 IV.
929 349 998 376 von
1021 337 1300 374 Franziskanern
1325 337 1468 380 besorgt

155 400 307 435 wurden.
357 399 461 435 Sonst
480 398 590 435 findet
612 399 685 435 sich
709 399 746 434 in
773 399 840 434 den
864 395 1059 432 r'omischen
1080 394 1243 430 Buchern
1269 394 1331 429 das
1356 394 1467 429 altere

154 455 323 500 Officium,
344 456 404 491 das
421 457 501 492 teils
513 455 689 500 prosaisch
702 456 756 498 ist,
777 454 857 490 teils
869 453 1105 497 Doxologieen
1118 461 1187 487 von
1200 450 1467 486 verschiedener

152 512 218 548 Art
241 514 312 548 und
335 513 615 549 verschiedenem
640 512 790 548 Metram
816 511 868 547 als
892 509 1115 555 Antiphonen
1139 508 1350 544 verwendet.

247 570 370 605 Dieses
402 570 548 604 letztere
579 568 737 604 Officium
773 568 891 603 wurde
927 566 989 602 auf
1019 566 1116 607 eine,
1151 565 1216 599 wie
1248 574 1285 600 es
1319 564 1463 607 scheint,

154 624 465 661 niissverstandene
495 624 604 660 Stelle
637 626 699 661 der
724 624 832 660 Gesta
864 624 1102 668 episcoporum
1124 622 1369 658 Leodiensium
1403 621 1464 656 hin

154 683 232 717 dem
248 681 393 718 Bischof
406 681 609 726 Stephan
629 692 712 717 von
730 681 916 717 Luttich
933 679 971 726 (†
989 678 1072 724 920)
1090 679 1372 723 zugeschrieben.
1414 678 1464 713 Es

152 738 257 775 heisst
280 739 430 774 namlich
453 740 488 774 in
515 739 633 774 diesen
652 737 820 782 (Menum.
840 736 956 773 Germ.
974 735 1052 778 VH,
1076 736 1145 770 200
1163 745 1196 770 n.
1216 734 1297 779 20):
1326 734 1463 778 „Trice-

153 796 277 831 simum
302 805 429 831 nonum
455 796 638 831 habuimus
658 793 880 839 Stephanum,
908 794 968 839 qui
993 802 1033 828 eo
1058 793 1151 837 quod
1170 792 1337 828 Metensis
1355 793 1462 827 eccle-

152 852 225 887 siae
256 851 362 887 fuerit
394 851 577 887 canonicus
611 853 648 886 et
678 850 941 895 protomartyris
974 849 1153 892 alumnus,
1184 849 1228 884 de
1261 849 1463 885 inventione

152 908 260 952 ipsius
286 918 375 953 quae
400 909 584 943 cantantur
608 907 828 951 responsoria
853 906 1003 941 edidisse
1029 906 1164 943 dicitur.
1205 905 1335 941 Verum
1362 908 1403 940 ut
1420 907 1464 942 de

153 965 293 1000 incertis
317 966 512 1006 taceamus,
539 964 632 998 idem
655 964 761 997 vitam
788 973 813 998 s.
840 962 1018 998 Lamberti
1042 962 1246 1007 simpliciter
1271 962 1463 1007 antiquitus

156 1021 319 1056 dictatam
349 1021 471 1055 urbani
498 1021 665 1055 sermonis
692 1019 857 1065 expolivit
880 1018 1015 1054 facetiis
1041 1021 1077 1053 et
1100 1020 1338 1064 responsoria,
1373 1030 1463 1064 quae

152 1078 188 1113 in
221 1078 453 1113 sollemnitate
479 1077 553 1112 eius
579 1080 777 1119 cantamus,
805 1077 1013 1120 composuit,
1047 1076 1201 1112 scribens
1227 1077 1271 1111 ad
1297 1077 1464 1112 domnum

152 1134 404 1170 Herimannum
438 1133 751 1179 archiepiscopum,
786 1134 967 1168 memorati
994 1132 1192 1168 Willeberti
1217 1142 1461 1170 successorem.

152 1190 248 1226 Idem
280 1191 354 1236 ipse
386 1191 701 1235 responsoriorum,
737 1200 826 1234 quae
858 1190 903 1225 de
937 1191 1058 1225 sancta
1081 1190 1240 1225 trinitate
1266 1192 1460 1234 cantantur,

155 1250 275 1283 auctor
298 1247 373 1290 fuit,
400 1248 491 1292 quod
517 1257 580 1282 nos
602 1247 738 1292 quidem
758 1247 1013 1291 ignorabamus,
1041 1248 1232 1290 credentes,
1260 1247 1352 1292 quod
1369 1246 1464 1283 fama

153 1305 319 1348 habebat,
353 1305 468 1340 nescio
503 1314 604 1348 quem
628 1304 829 1340 Hubaldum
860 1304 1014 1348 ipsorum
1044 1302 1151 1339 fuisse
1182 1304 1459 1350 compositorem.

153 1360 222 1396 Sed
250 1360 340 1396 infra
371 1361 437 1396 hoc
467 1360 541 1396 fere
574 1361 796 1406 decennium,
833 1360 914 1395 dum
949 1361 1087 1404 aliquae
1111 1361 1148 1396 in
1173 1363 1322 1397 armario
1348 1362 1462 1397 revol-

152 1419 317 1452 verentur
342 1418 506 1459 cartulae,
532 1418 706 1461 insperato
732 1427 802 1452 una
830 1426 873 1451 ex
896 1417 949 1453 his
973 1418 1118 1453 inventa
1142 1419 1196 1453 est
1220 1428 1241 1452 a
1265 1427 1464 1454 successore

153 1474 320 1519 praedicti
340 1474 548 1510 venerabilis
567 1473 734 1519 Stephani
757 1474 897 1509 nomine
913 1474 1074 1510 Richario
1102 1475 1206 1517 edita,
1234 1476 1331 1511 cuius
1348 1484 1462 1510 exem-

152 1531 245 1576 plar,
280 1533 320 1566 ut
351 1529 456 1566 fidem
489 1532 683 1566 astruamus
717 1532 895 1572 omnibus,
930 1532 1140 1576 quicumque
1173 1531 1275 1567 huius
1296 1532 1348 1568 rei
1375 1533 1463 1567 veri-

154 1589 261 1622 tatem
285 1588 374 1623 scire
398 1588 527 1632 volunt,
553 1598 624 1623 non
649 1588 691 1623 ab
718 1598 756 1622 re
782 1588 953 1623 credimus
977 1588 1058 1624 huic
1082 1589 1237 1624 inserere
1261 1589 1459 1635 opusculo.“

247 1644 295 1679 Es
327 1643 414 1688 folgt
445 1644 584 1680 hierauf
613 1645 674 1679 das
705 1644 925 1688 Dokument,
969 1645 1097 1680 datiert
1139 1645 1277 1683 ,Actum
1314 1649 1368 1682 est
1399 1647 1465 1683 hoc

152 1700 273 1736 Leodii
301 1701 364 1736 sub
391 1701 447 1736 die
470 1700 524 1735 16.
552 1701 629 1736 Kal.
651 1700 734 1736 Dec.
762 1711 852 1737 anno
878 1702 979 1737 Dom.
1015 1701 1102 1746 932,
1137 1703 1327 1739 indictione
1352 1703 1385 1739 5.
1409 1714 1463 1739 re-

153 1759 283 1802 gnante
299 1756 463 1793 Heinrico
489 1767 572 1801 rege
596 1757 842 1802 gloriosissimo
862 1768 952 1794 anno
972 1758 1049 1793 15.“
1088 1760 1124 1802 (l.
1145 1769 1171 1795 c.
1190 1770 1223 1794 n.
1243 1760 1299 1803 21,
1318 1772 1351 1806 p.
1367 1760 1465 1806 201).

152 1813 319 1849 Indessen
347 1815 469 1859 besagt
495 1814 653 1851 dasselbe
675 1815 788 1850 nichts
814 1815 947 1861 weiter,
975 1815 1044 1851 als:
1077 1844 1233 1860 .....
1262 1819 1345 1862 quia
1360 1828 1465 1854 vene-

153 1870 271 1907 rabilis
304 1871 374 1913 vir,
407 1880 609 1916 praecessor
641 1871 805 1908 videlicet
828 1874 946 1908 noster
969 1872 1185 1918 Stephanus,
1217 1875 1254 1909 in
1278 1875 1411 1911 honore
1436 1886 1463 1912 s.

154 1927 334 1964 Trinitatis
375 1929 544 1973 quaedam
585 1930 807 1974 responsoria
847 1939 925 1964 cum
962 1930 1161 1975 antiphonis
1199 1933 1464 1969 nocturnalibus

153 1986 226 2021 sive
258 1986 519 2022 matutinalibus
552 1996 616 2021 nec
647 1996 718 2022 non
749 1987 1040 2032 vespertinalibus
1075 1990 1258 2032 totumque
1292 1990 1336 2025 ad
1361 1990 1465 2035 plene

154 2041 302 2078 officium
337 2043 534 2078 dulcissime
561 2043 807 2079 modulationis
832 2043 991 2079 stabilire
1017 2045 1169 2080 curavit‘*
1199 2045 1237 2090 (l.
1269 2056 1296 2082 c.
1316 2058 1347 2092 p.
1368 2047 1464 2093 200).

153 2099 224 2135 Das
257 2100 361 2135 heisst
390 2100 474 2136 aber
498 2100 611 2146 nicht,
649 2111 687 2136 er
711 2100 801 2137 habe
827 2101 888 2137 das
916 2100 1095 2145 Officium,
1128 2102 1179 2138 sei
1204 2113 1241 2138 es
1266 2104 1357 2140 Text
1382 2105 1467 2140 oder

153 2156 279 2200 Musik,
305 2157 475 2202 gemacht,
502 2158 654 2194 sondern
679 2158 763 2194 eher
786 2158 933 2194 macheu
957 2160 1083 2196 lassen.

249 2215 281 2249 2.
306 2213 487 2250 Verfasser
519 2215 580 2250 des
605 2215 784 2251 Officiums
817 2215 879 2252 auf
909 2217 978 2252 den
1005 2216 1053 2252 hl.
1079 2217 1197 2254 Trudo
1226 2217 1341 2263 (Anal.
1369 2220 1466 2266 xm,

155 2270 221 2304 251
232 2269 283 2316 ff.)
300 2272 346 2307 ist
366 2271 673 2317 Theoderich,
692 2273 763 2309 Abt
778 2284 847 2310 von
860 2273 911 2309 St.
926 2274 1045 2311 Trond
1064 2274 1344 2324 (1098—1107).
1380 2278 1465 2315 God.

154 2326 317 2363 Leodien.
345 2328 425 2363 278.
459 2339 547 2366 saec.
575 2330 630 2366 15.
661 2332 697 2366 et
723 2331 798 2375 16„
831 2341 893 2367 aus
920 2332 1085 2368 welchem
1109 2333 1132 2369 1.
1159 2344 1187 2370 c.
1216 2335 1278 2370 das
1305 2334 1468 2372 Officium

154 2384 340 2429 mitgeteilt
386 2387 523 2428 warde,
580 2388 692 2424 bietet
736 2389 890 2425 namlich
936 2388 996 2425 fol.
1047 2390 1282 2427 208a--220
1296 2404 1318 2428 a
1364 2394 1468 2430 einen
