1653 2567
170 209 288 252 intollit,
314 212 420 242 terret,
440 219 499 249 per
524 211 627 251 varia,

643 115 876 150 —93-

802 213 835 243 2.

219 257 337 289 Volcns
369 258 417 289 sic
439 258 557 291 iustum
582 259 729 298 vincere3

99 305 136 336 V.
168 305 372 345 Importunus

218 352 326 385 obstat
348 353 500 393 Antonio,

170 399 213 433 Ut
239 401 290 433 vel
315 401 415 442 gratis

218 449 327 482 vincat
350 449 401 480 vel
427 449 545 483 taedio.

117 508 149 540 3.
175 504 333 546 Christus,
360 509 467 539 custos
492 506 636 547 Antonii,

224 554 303 588 Cum
327 555 415 587 venit
441 555 482 587 ad
504 556 731 597 spectaculum,

175 604 241 643 Quo
268 602 395 635 fervent
417 602 527 635 hostes
551 602 641 642 impii

222 650 267 683 Et
291 650 357 682 eius
384 649 522 682 caedunt
546 649 709 691 famulum,

178 698 268 730 Tunc
295 698 395 729 divini
419 697 554 730 subsidii

225 746 296 778 Lux
321 744 437 786 effugat
463 747 692 785 crepusculum,

224 793 372 826 Illustrat
397 793 630 833 habitaculum3

105 840 143 873 V.
181 841 311 874 Gaudet
335 840 481 872 Christus

222 896 355 921 cernens
376 889 560 928 Antonium,

177 936 358 969 Gloriosum

224 985 377 1017 victorem
403 984 551 1018 hostium.

221 1080 267 1112 In
294 1080 324 1113 3.
361 1078 593 1112 Nocturno.

318 1145 516 1180 Antiphonae.

115 1206 144 1237 1.
172 1204 278 1237 Antra
302 1204 385 1244 petit
409 1204 505 1235 eremi

223 1249 350 1283 functus
377 1251 522 1289 victoria,

176 1299 240 1332 Ubi
264 1300 330 1331 tela
356 1300 543 1331 daemonum

223 1345 382 1388 confregit
402 1347 518 1379 omnia,

114 1406 145 1438 2.
172 1404 262 1436 Tunc
289 1405 450 1436 desertum
473 1402 582 1437 floruit

219 1451 370 1485 Floribus
393 1452 530 1494 virtutis,

169 1500 206 1532 In
234 1500 360 1532 deserto
386 1501 492 1540 patuit

222 1547 378 1580 Doctrina
403 1548 525 1580 salutis.

117 1606 147 1638 3.
176 1604 254 1637 Post
278 1604 358 1637 haec
384 1614 479 1637 carne
503 1604 638 1636 solvitur

221 1652 332 1692 Culpis
358 1653 521 1685 absolutus

171 1700 216 1733 Et
243 1700 404 1733 Christum
431 1700 643 1740 consequitur,

225 1749 322 1788 Quem
346 1748 408 1781 fuit
432 1752 569 1781 secutus.

309 1824 518 1861 Responsoria.

114 1883 143 1916 1.
171 1884 267 1916 Felix
293 1893 410 1924 pugna,

219 1930 300 1963 felix
324 1933 469 1973 victoria,

216 2023 295 2056 felix
320 2026 509 2063 constantia,

171 2072 240 2112 Qua
265 2072 353 2105 felici

216 2122 340 2161 potitur
363 2122 466 2162 gloria

165 2169 300 2202 Antonii

214 2218 468 2257 perseverantiaq

100 2266 137 2301 V.
167 2263 246 2297 felix
272 2265 373 2298 virtus

220 2318 255 2346 ct
278 2313 358 2347 felix
380 2315 495 2355 gratia,

164 2363 252 2403 Quae
273 2365 324 2395 tot
345 2363 466 2395 sanctis

214 2410 375 2451 praebent
399 2411 529 2447 auxilia.

787 2363 828 2395 A.

791 544 830 577 V.

861 210 967 252 Signis
994 211 1077 243 valet

910 262 940 289 et
967 258 1073 290 verbis
1098 257 1235 299 proficit,

861 306 939 347 lugo
967 305 1087 338 Christi

910 361 1003 393 quam
1027 354 1136 393 plures
1162 353 1275 394 allicit,

863 401 996 435 Morbos
1021 401 1115 441 pellit

911 455 941 481 et
967 449 1074 481 hostes
1101 449 1176 481 eicit

910 497 954 530 Et
978 497 1091 538 procul
1116 497 1233 529 abicit.

862 545 985 578 Iustum
1009 545 1057 576 sic
1081 543 1227 577 Christus
1251 543 1389 585 perficit,

862 593 998 626 Prorsus
1022 593 1057 625 in
1081 593 1168 625 nullo
1195 592 1314 625 deficit.

863 650 940 683 Post
963 649 1091 682 labores
1118 651 1250 682 eximios

908 697 954 730 Et
976 707 1070 739 quam
1094 699 1190 737 plura
1217 698 1401 737 certamina,

865 746 942 779 Post
967 745 1145 786 triumphos
1171 746 1314 788 egregios

911 793 1042 826 Transit
1065 794 1109 826 acl
1134 794 1216 826 caeli
1235 794 1366 832 lumina,

865 842 941 873 Post
965 850 1000 873 sc
1024 842 1208 882 relinquens
1231 840 1315 873 filios

912 888 1066 922 Caelestis
1089 890 1176 921 vitae
1200 890 1361 930 germina3

861 936 982 978 Migrat
1012 937 1107 968 decus
1131 936 1317 976 munditiae,

863 984 1055 1025 Exemplum
1082 985 1305 1027 paenitentiae,

906 1032 1026 1064 Divina
1051 1040 1183 1064 cernens
1207 1032 1336 1069 lumina,

911 1079 1000 1111 Stola
1027 1079 1186 1112 dotandus
1211 1080 1347 1120 gemina.

953 1173 969 1205 Ι
980 1183 1001 1205 n
1027 1174 1054 1205 L
1063 1183 1113 1206 au
1123 1176 1143 1206 d
1153 1175 1164 1205 i
1174 1175 1193 1207 b
1204 1185 1225 1206 u
1234 1184 1261 1208 s,

1013 1239 1212 1276 Antiphonae.

826 1316 832 1321 .
860 1289 966 1321 Adest
994 1289 1062 1320 dics
1089 1289 1312 1332 celebranduS,

909 1336 976 1376 Quo
1003 1337 1115 1369 beatus
1141 1337 1302 1370 Antonius

861 1384 993 1417 Caelum
1018 1386 1134 1426 migrat
1160 1386 1365 1425 laureandus,

909 1432 984 1464 Dux
1009 1434 1236 1466 monachorum
1261 1433 1422 1473 praevius,

825 1514 833 1522 .
860 1489 935 1522 Non
958 1490 1135 1522 instructus
1159 1491 1265 1522 literis

908 1537 1017 1569 Vincit
1040 1539 1214 1578 sapientes,

861 1585 964 1617 Huius
990 1585 1100 1618 mundi
1124 1586 1250 1619 miseris

908 1633 1054 1665 Moribus
1081 1633 1260 1667 haerentes.

828 1715 835 1722 .
863 1690 888 1722 O
914 1700 1009 1730 quam
1037 1691 1132 1732 digne
1159 1691 1299 1731 disputat

907 1739 1084 1771 Veritatem
1110 1737 1241 1771 firmans

859 1786 903 1819 Et
929 1796 1053 1819 errores
1078 1790 1224 1827 amputat

908 1834 1078 1876 Simplices
1105 1837 1306 1869 confirmans.

825 1918 832 1925 .
859 1892 965 1925 Multa
989 1891 1099 1926 futura
1122 1895 1265 1926 sentiens

909 1940 1007 1973 Plura
1031 1941 1199 1981 nuntiavit,

859 1988 1003 2021 Tandem
1031 1990 1072 2022 ad
1098 1988 1193 2022 finem
1219 1991 1349 2021 veniens

909 2035 1037 2069 Caelum
1063 2037 1267 2070 subintravit.

824 2119 830 2125 .
858 2094 984 2133 Pauper
1008 2095 1041 2126 in
1069 2094 1202 2133 divitiis,

907 2141 971 2174 Sed
999 2142 1089 2175 dives
1113 2143 1145 2173 iu
1172 2143 1286 2182 gratia,

860 2189 1015 2229 Copiosus
1040 2191 1192 2230 pracmiis

907 2238 1091 2278 Conregnat
1115 2239 1148 2270 in
1174 2239 1287 2278 gloria.

973 2313 1019 2341 Ad
1046 2313 1231 2343 Benedictus.

861 2363 886 2396 O
914 2363 1047 2404 Antoni,

907 2419 1012 2444 rerum
1040 2411 1187 2458 abiectio,
