1653 2567
702 110 959 147 *122—

391 203 597 239 Responsoria.

217 289 223 295 .
249 263 330 296 Erat
352 265 478 304 quidam
504 268 641 309 satrapa,

249 310 420 344 Dioscorus
444 312 589 357 idolatra,

297 359 355 391 Cui
378 359 523 392 Barbara
546 360 672 393 nomine

249 405 335 438 Nata
357 408 498 446 prudens
524 409 674 451 nascitur,

252 452 346 485 Cuius
368 454 485 494 ubique
509 455 652 494 pascitur

294 501 395 532 Fama
421 502 460 533 de
482 502 728 541 pulchritudine.

210 571 217 579 .
249 547 339 580 Stola
362 549 465 588 prima
491 549 571 581 clam
594 549 707 582 induta

247 595 360 627 Fidem
388 595 505 628 Christi
531 600 579 629 est
603 600 721 630 secuta.

217 674 224 682 .
251 650 386 683 Frustra
409 660 525 692 parens
549 655 651 685 motus
679 653 760 686 cun's

250 697 352 730 Struit
376 700 487 731 turrim
515 701 599 732 saxis
618 701 705 733 duris

296 747 333 779 In
361 756 441 779 nanc
463 747 599 780 locando
625 748 788 791 virginem,

251 793 294 826 Ut
319 793 357 825 ab
385 794 459 827 altis
482 797 601 837 pateat,

246 841 401 873 Formosa
425 841 515 874 vultu
539 843 636 874 lateat

299 889 556 920 Praetereuntem
581 891 757 933 neminem3

208 959 213 964 .
246 934 318 966 Non
343 938 378 966 ut
403 936 490 976 cupit
510 945 598 968 mens
624 937 768 980 humana,

246 981 328 1013 Sinit
353 982 439 1015 Deus
464 982 534 1015 fieri
560 994 649 1018 vana.

214 1062 221 1069 .
252 1038 348 1070 Pater
374 1040 454 1070 turri
477 1043 584 1071 natam
606 1041 701 1081 locat,

241 1085 384 1117 Absente
404 1095 464 1126 quo
489 1089 661 1119 structores
694 1091 794 1128 vocat,

293 1134 393 1165 Prece
405 1134 535 1172 pulsans
553 1135 609 1168 hos
622 1135 773 1168 instante1
786 1146 793 1167 :

245 1180 284 1211 1n
306 1180 433 1211 laudem
458 1184 587 1213 sanctae
611 1183 763 1215 trinitatis

243 1227 324 1259 Tres
350 1225 506 1259 fenestras
533 1229 706 1270 disponatis

290 1273 372 1305 Mihi
396 1273 466 1306 fieri
493 1273 689 1320 festinanter,

205 1344 212 1352 .
245 1321 339 1353 Cuius
364 1322 566 1360 providentia

244 1369 371 1410 Vivant,
399 1369 574 1401 subsistunt
599 1370 692 1402 entia.

307 1482 352 1513 In
379 1483 409 1514 2.
437 1482 664 1516 Nocturno.

391 1546 581 1582 Antiphonae.

209 1626 216 1634 .
241 1602 291 1634 De
314 1602 405 1636 thoro
429 1607 521 1644 pater
545 1615 678 1638 narrans
704 1609 741 1651 ei,

285 1652 453 1684 Eructavit
478 1652 606 1685 verbum
633 1653 765 1687 bonum:

241 1697 324 1729 Mihi
349 1697 506 1730 Christum
533 1700 638 1732 cordis
662 1703 724 1734 mei

287 1745 379 1784 Elegi
398 1755 546 1785 sponsum
565 1751 597 1779 et
611 1751 790 1789 patronum.

212 1827 219 1834 .
244 1800 397 1833 Dominus
422 1800 577 1843 refugium

293 1850 347 1881 Fit
371 1851 520 1891 martyris
545 1861 656 1893 agone,

243 1896 382 1928 Adiutor
406 1900 455 1928 est
478 1899 628 1931 auxilium

289 1945 378 1976 Dans
405 1945 444 1976 de
467 1945 681 1980 tribulatione.

209 2025 217 2032 .
247 2000 283 2032 In
307 2001 466 2033 montibus
490 2004 636 2043 supernis

290 2048 391 2080 Locat
415 2049 494 2081 haec
517 2049 732 2097 fundamenta,

243 2095 327 2127 Dum
350 2097 477 2129 monitis
503 2100 645 2137 paternis

295 2143 408 2175 Obstat
431 2144 499 2176 Deo
524 2150 706 2185 praeventa.

379 2229 585 2266 Responsoria.

208 2311 215 2318 .
241 2284 466 2321 Fenestrarum
493 2297 617 2322 causam
643 2291 697 2335 rei,

242 2332 325 2364 Dum
342 2335 438 2376 venit,
465 2339 597 2381 quaerit,
618 2339 726 2371 dicunt
744 2340 791 2372 ei:

289 2380 342 2413 Sic
366 2385 421 2415 tua
444 2386 520 2417 nata
546 2386 645 2418 voluit

858 348 898 381 V.

872 455 902 485 2.

859 737 897 769 V.

853 1125 890 1158 V.

930 207 1093 240 Uni-trino
1118 207 1160 240 ad
1184 207 1354 250 honorem3

931 254 1026 287 Pater
1049 257 1154 288 motus
1178 255 1212 286 in
1239 254 1378 287 furorem

978 301 1187 335 Vehementer
1213 302 1324 342 doluit,

930 349 1056 382 Cultum
1082 350 1144 382 diis
1168 352 1291 382 maeret
1314 352 1423 382 natam

927 396 1074 438 Liquisse
1097 397 1222 430 Christo
1250 397 1483 437 desponsatam.

933 454 1076 486 Carceris
1102 455 1176 487 dum
1199 454 1233 486 in
1259 454 1402 486 obscuris

931 501 1111 535 collocatur
1137 504 1169 533 et
1191 502 1324 534 laesuris

974 549 1117 582 Diversis
1144 552 1192 581 est
1216 549 1343 589 offensa,

928 598 1074 637 Adparet
1095 598 1166 629 luce
1192 597 1363 629 comminus

930 643 1027 682 Quam
1054 644 1234 676 consolatur
1257 643 1411 677 Dominus

974 692 1100 723 Amoris
1126 692 1195 725 vice
1219 700 1372 734 repensa3

927 739 1000 770 Ait:
1028 738 1159 782 Sponsa,
1187 748 1228 771 ne
1251 739 1373 779 timeas,

926 785 1043 818 Tecum
1067 795 1145 828 sum,
1173 796 1213 819 ne
1236 795 1360 827 pereas

894 867 899 873 .
929 842 1073 875 Christus
1097 843 1216 875 veritas
1239 845 1274 875 ut
1298 844 1410 885 inquit,

926 890 1083 922 Mundum
1100 893 1195 930 atque
1212 894 1338 930 patrem
1353 890 1478 933 linquit,

972 936 1018 970 Ut
1042 938 1108 969 eius
1134 937 1177 968 sit
1202 937 1361 977 discipula

924 985 999 1024 Ipso
1023 985 1126 1029 digna,
1156 985 1236 1017 caeli
1262 993 1339 1017 cena

924 1032 971 1064 Ut
990 1030 1124 1076 fruatur,
1153 1033 1270 1072 gaudet
1292 1042 1396 1072 poena

973 1079 1096 1111 Fidelis
1121 1078 1182 1111 Dei
1211 1080 1334 1120 copula.

922 1125 1053 1158 Crucem
1078 1126 1163 1159 tollit
1187 1129 1219 1158 et
1243 1130 1383 1160 sectatur

923 1172 1048 1212 Sponsa
1077 1183 1244 1218 sponsum,
1288 1183 1347 1213 per
1387 1184 1479 1216 quem

1251 1225 1389 1256 vocatur.

987 1311 1033 1342 In
1062 1312 1092 1343 3.
1118 1310 1347 1346 Nocturno.

1065 1375 1260 1411 Antiphonae.

892 1459 897 1465 .
924 1432 1057 1465 Cantate
1080 1434 1149 1466 Deo
1175 1436 1323 1478 carmine,

924 1479 983 1518 Qui
1008 1478 1085 1511 fecit
1107 1481 1275 1526 mirabilia,

923 1527 1021 1565 Quam
1046 1530 1225 1573 assumpsit,
1253 1531 1286 1562 in
1311 1531 1443 1575 virgine,

921 1575 1013 1607 Intra.
1038 1576 1118 1607 caeli
1141 1577 1265 1610 sedilia.

889 1656 895 1662 .
922 1630 1044 1663 Afferte
1069 1632 1136 1664 Deo
1161 1633 1302 1675 gloriam,

921 1678 1213 1711 Misericordiarum

923 1725 969 1757 Ob
995 1725 1127 1766 virginis
1151 1728 1334 1761 memoriam

921 1772 1119 1805 Recordatus
1145 1777 1193 1806 est
1218 1785 1355 1810 suarum.

890 1853 897 1861 .
923 1830 1066 1861 Adorate
1090 1832 1195 1872 augeli
1219 1833 1332 1876 Deum,

922 1876 1016 1909 Cuius
1041 1877 1119 1910 haec
1141 1884 1254 1920 regnat
1277 1880 1430 1925 bonitate,

921 1925 1057 1957 Laetata
1089 1930 1137 1958 est
1167 1926 1262 1968 Sion,
1300 1938 1380 1969 quae
1408 1933 1474 1962 tro-

1248 1975 1387 2016 phanum

921 2020 1057 2051 Audivit
1080 2021 1244 2054 Barbarae
1269 2024 1391 2060 beatae.

1058 2096 1266 2133 Responsoria.

890 2176 897 2183 .
924 2151 973 2184 De
999 2152 1064 2185 eius
1090 2164 1223 2197 sperans
1248 2162 1390 2192 amatore

926 2199 1030 2241 Fugit,
1057 2211 1097 2233 ne
1120 2205 1214 2243 patre
1238 2207 1382 2239 saeviore

971 2248 1094 2288 Spatha
1117 2255 1191 2285 ruat
1213 2252 1367 2296 insecuta,

923 2295 1021 2334 Quam
1047 2297 1215 2331 abscondit
1237 2304 1332 2341 petra
1357 2304 1434 2345 visa,

922 2342 1023 2386 Cedit,
1048 2346 1134 2378 velut
1158 2347 1201 2379 sit
1224 2349 1359 2392 abscisa,

967 2391 1052 2425 Huic
1075 2398 1154 2426 nutu
1176 2395 1238 2428 Dei
1263 2401 1465 2438 praestituta.
