1653 2567
662 66 963 133 -n82-*

204 194 289 222 Brev.
316 203 372 223 ms.
395 193 590 222 cisterciense
615 202 691 221 eaeo.
721 191 764 221 14.
806 192 874 221 Cod.
896 193 1089 230 Oenipontan.
1117 189 1181 220 542.
1203 190 1268 219 add.
1288 197 1364 217 saec.
1387 186 1431 216 15.

125 232 159 260 A.
187 246 223 251 -
252 232 337 261 Brev.
371 240 423 260 ms.
456 232 554 260 Cellae
581 232 751 268 Principum
784 240 859 260 saec.
896 228 939 259 14.
990 230 1061 258 Clm.
1086 231 1238 258 Monacen.
1264 224 1346 256 7213.
1368 225 1432 254 add.

127 278 202 298 saec.
232 268 276 298 15.
304 270 338 299 Β.
360 286 395 291 —
422 271 527 298 Diurn.
556 279 608 298 ms.
632 270 826 298 cisterciense
853 278 927 297 saec.
954 268 997 297 15.
1039 269 1107 297 Ood.
1128 268 1326 303 Hamburgen.
1350 261 1431 292 1571.

127 308 157 337 O.
172 322 210 326 —
230 308 277 335 In
297 308 322 336 1.
342 310 450 345 Vesp.
472 308 568 345 Super
586 306 635 336 Ps.
657 306 679 334 A
700 307 774 336 fehlt.
792 305 850 335 AO.
866 322 901 327 —
922 308 968 335 Ad
986 308 1088 343 Magn.
1104 305 1135 340 A,
1156 304 1175 333 4
1189 305 1298 333 Christi
1317 310 1432 332 resone-

125 355 189 374 murv
209 347 244 375 A.
265 363 302 367 —-
323 347 375 375 Ad
394 348 519 376 Matut.
541 347 628 375 Iuvit.
650 344 667 374 3
688 355 771 374 suam
790 346 877 374 hodie
898 345 958 373 AB.
981 359 1015 365 -
1037 345 1111 373 Ibid.
1131 343 1151 372 4
1170 346 1265 371 aviam
1287 343 1320 370 Β.
1334 357 1372 362 —
1390 342 1432 369 In

127 384 153 412 1.
173 385 277 413 Noct.
300 384 321 412 A
343 385 374 420 4,
395 382 414 413 3
440 387 524 422 gesta
550 384 625 412 fehlt.
643 384 669 413 A
688 385 722 412 B.
745 398 782 403 —
809 381 832 410 A
858 383 890 418 4,
916 382 936 411 4
958 383 1075 420 pulchri
1098 384 1157 410 rivi
1182 383 1216 410 A.
1244 397 1282 401 ——
1312 380 1334 408 A
1353 378 1387 413 4,
1413 377 1430 407 5

125 422 188 450 filia
207 425 240 450 B.
262 437 299 442 -ὴ
319 422 341 449 Α
364 423 388 458 6,
412 421 426 450 1
447 424 591 451 Dominus
611 424 710 451 noster
730 423 771 456 A;
792 424 864 450 statt
884 423 988 450 desscn
1009 422 1044 449 B:

592 466 639 494 De
655 465 754 493 radice
771 465 853 493 Iesse
871 465 1003 501 graditur

593 504 693 541 Virga,
714 504 783 531 ‹lum
802 504 932 539 gignitur

593 541 640 569 Ex
660 541 745 569 Anna
763 542 847 577 virgo
867 541 972 568 Maria.

129 582 149 610 R
181 582 211 617 1,
239 582 254 611 1
276 586 308 611 in
327 584 383 611 hac
399 583 447 611 (lie
467 586 498 612 Β.
520 599 555 603 -—-
579 581 599 609 R
622 583 650 617 1,
677 581 694 612 3
714 583 796 611 Iuda.
820 597 856 603 —
878 581 898 609 R
920 581 952 617 4,
979 581 997 611 8
1021 584 1114 610 omnis
1136 590 1252 618 quoque
1272 582 1304 609 B.
1326 595 1364 601 -—
1384 581 1431 608 In

127 620 153 648 2.
173 622 280 650 Noct.
303 620 326 649 A
349 621 372 655 1,
396 620 416 648 4
433 622 553 650 Exemis
573 623 612 656 Ας
634 624 707 650 stati:
726 621 830 649 dassen
849 622 888 649 B:

590 665 696 692 Israeli
716 665 854 692 convenit

629 703 693 730 Deo
715 702 892 734 benedicere,

593 742 650 774 Qui
670 740 706 767 de
725 741 811 768 Anna
833 739 929 767 voluit

632 778 690 806 sibi
710 779 831 805 matrem
852 785 975 805 sumere.

133 818 156 846 A
180 817 206 853 3,
228 817 244 847 1
264 820 352 848 Lies:
374 821 549 848 Exsultent‘?
570 835 607 841 ·——
627 819 650 846 A
670 818 687 847 5
708 820 781 848 fehlt
798 820 838 854 133
860 821 932 847 statt
951 819 1069 847 dessen:

593 863 683 895 Deus,
705 871 791 899 super
811 863 905 889 maria

625 901 682 935 Qui
702 903 809 928 terram
829 900 970 934 fundavit,

593 938 725 966 Gratiam
746 946 796 973 pro
817 939 915 974 gratia

632 976 734 1004 Annae
753 975 922 1003 cumulavit.

128 1016 151 1044 A
174 1015 200 1050 6,
222 1016 240 1044 2
259 1018 379 1046 Dcmini
398 1017 471 1045 fehlt
493 1018 525 1044 B.
545 1033 584 1038 -ω
605 1016 625 1043 Β
647 1017 674 1049 2,
695 1016 712 1046 3
733 1018 810 1046 (lona
831 1018 908 1045 bona
928 1019 960 1045 B.
983 1031 1017 1037 -—
1039 1018 1085 1048 In,
1108 1016 1133 1045 3.
1155 1019 1258 1047 Noct.
1278 1019 1324 1046 Ad
1347 1019 1429 1047 Cant.

130 1054 161 1087 A,
182 1053 200 1082 8
212 1064 256 1092 sq.
275 1055 374 1083 iehlen
387 1057 419 1083 B.
432 1071 468 1075 —
492 1055 566 1083 [hid.
579 1053 614 1083 10
634 1056 758 1084 feliciter
777 1055 850 1083 fehlt.
863 1056 895 1083 B.
910 1070 945 1074 —
968 1054 989 1082 R
1010 1054 1037 1089 2,
1060 1055 1076 1083 1
1097 1056 1185 1084 Clara
1199 1057 1232 1090 A,
1254 1057 1334 1085 lucet.
1345 1057 1378 1084 E.
1392 1071 1429 1076 —·

131 1091 151 1119 R
179 1091 217 1126 4,
243 1091 276 1121 11
305 1095 334 1121 et:
359 1093 476 1121 beatum
499 1096 684 1129 conspectum
703 1095 738 1122 A.
759 1109 797 1113 —
815 1093 863 1121 Ad
881 1094 1009 1122 Primam
1030 1092 1066 1128 Α,
1094 1093 1110 1122 6
1131 1094 1202 1122 fehlt
1221 1096 1254 1122 B.
1275 1109 1312 1113 —
1333 1095 1431 1123 Hiezu

129 1131 179 1159 der
198 1132 349 1167 Hymnus:
370 1132 474 1159 Honos
489 1131 553 1159 Deo
575 1130 659 1159 dulce
678 1132 778 1165 melos,
799 1131 883 1158 Anat.
898 1131 949 1164 1V,
968 1130 1013 1160 78.

592 1222 638 1253 27.
673 1223 715 1254 De
735 1223 846 1255 sancta
865 1223 963 1254 Anna.

272 1292 317 1324 In
345 1292 375 1325 1.
401 1290 618 1331 Vesperis.
881 1294 1019 1332 Septeno
1044 1294 1155 1326 mundi
1181 1294 1340 1326 climatum

321 1355 366 1383 Ad
385 1355 562 1392 Magnificat.
929 1341 1043 1373 Odoris
1069 1341 1155 1373 vitae
1179 1341 1294 1375 baiula.

821 1400 853 1430 2.
879 1397 942 1429 Dei
965 1397 1079 1429 summi
1101 1396 1169 1430 filio

927 1444 1081 1484 Sponsam
1105 1445 1270 1488 peperisti,

879 1493 918 1524 In
944 1493 1030 1524 cuius
1055 1492 1187 1525 conubio

128 1414 168 1446 A.
199 1415 249 1446 Tu
273 1413 424 1445 virtutum

246 1468 279 1491 es
304 1460 500 1500 viridarium,

241 1517 247 1525 ·
268 1508 292 1538 ti
324 1516 382 1538 ‘um

202 1507 368 1587 &gagi-{lm
394 1556 577 1596 sacrarium,
926 1539 1070 1579 Regnum
1095 1539 1266 1579 acquisisti.

198 1601 316 1634 Forma
341 1603 434 1644 vitae,
821 1598 852 1629 3.
878 1596 925 1628 Te
949 1594 1080 1627 factoris
1106 1596 1210 1628 aviam

245 1658 369 1681 morum
391 1648 564 1689 florarium,
931 1643 984 1675 An
1007 1646 1142 1675 matrem
1167 1643 1332 1677 dicamus?

198 1696 284 1728 Aula
308 1697 394 1736 solis,
881 1690 944 1723 Sed
968 1694 1135 1730 utramque
1158 1691 1291 1731 gloriam

244 1752 380 1776 mannae
405 1744 576 1777 cellarium.
927 1737 1033 1778 Digne
1054 1738 1116 1770 tibi
1141 1739 1263 1773 damus.

266 1838 327 1871 Ad
351 1838 388 1870 M
398 1839 617 1873 atutinum.
1018 1841 1224 1877 Responsoria.

334 1904 551 1932 Invitatorium.
824 1898 856 1931 1.
880 1898 958 1930 Flos
985 1898 1143 1939 candoriS,

126 1961 253 1994 Adsunt
279 1962 496 1994 sanctissimae
881 1947 1259 2025 Caffgffsssegmndffiae,

1092 2019 1099 2035 ²

173 2010 287 2041 Annae
313 2010 442 2052 natalia,

128 2057 243 2090 Coetus
268 2057 441 2089 laetissime

173 2104 320 2146 Pangunt
344 2106 518 2138 sollemnia.

927 2040 1028 2072 virtus
1053 2039 1256 2083 fragrantiae,

880 2088 988 2120 Mater
1012 2088 1122 2121 matris

927 2134 1058 2168 factoris
1081 2136 1177 2178 filiae,

926 2183 1069 2224 Reginae
1092 2185 1222 2229 gloriae,

810 2231 849 2264 V.
879 2230 1037 2272 Nepotem
1061 2232 1172 2273 mitiga

930 2278 1057 2311 Nostris
1084 2279 1271 2325 defectibus,

139 2325 171 2358 1.
196 2324 247 2357 Tu
270 2333 365 2365 rogus
390 2333 423 2356 es
445 2328 630 2368 aromatum,
882 2327 972 2359 Proli
994 2336 1053 2360 nos
1075 2328 1192 2371 colliga

244 2372 310 2411 Quo
334 2373 438 2414 surgit
460 2372 539 2408 fumi
563 2374 697 2415 virgula,
931 2374 1044 2408 Cordis
1069 2375 1243 2412 affectibus.

260 2200 306 2232 In
333 2200 363 2234 1.
390 2201 448 2233 No
459 2204 617 2235 cturno.

341 2266 536 2303 Antiphonae.
