1653 2567
675 118 930 152 —252—

226 216 325 255 Quem
356 215 551 247 Francorum
587 222 645 245 rex
680 221 772 254 prae-

551 261 653 293 clarus

277 310 410 342 Doctum
435 307 568 341 artificio

230 357 364 396 Laudat,
391 356 478 389 fovet
501 358 537 387 ut
559 354 726 395 probatum

275 404 354 436 Auri
381 404 454 436 dato
477 404 629 442 pondere,

229 452 318 490 Quod
343 450 488 482 mirando
516 449 708 491 duplicatum

273 499 330 530 Est
355 498 388 529 in
414 498 479 529 eius
504 505 609 536 opere.

187 573 194 580 .
225 545 363 577 Reddita
387 545 466 576 sella
492 545 607 584 duplex

191 676 198 683 .
224 649 307 680 Dum
332 648 465 688 benigne
490 648 680 679 contrectari

227 696 294 727 Nec
317 695 349 727 in
374 704 469 727 manu
492 703 526 725 se
548 695 669 734 portari

276 743 383 774 Vellet
407 742 595 781 emissarius,

225 790 318 822 Hunc
343 792 484 821 cessante
507 787 635 820 feritate

225 837 284 869 Pia
306 836 378 877 pius
400 837 519 876 pietate

275 884 404 916 Sanavit
428 883 570 927 Eligius3

189 957 195 964 .
227 931 307 963 Nam
333 930 435 962 femur
460 930 644 962 obstrictum

271 978 372 1010 sancti
396 978 513 1010 virtute
536 976 689 1009 refictum.

281 1120 327 1151 In
354 1120 383 1152 3.
410 1118 466 1150 No
477 1120 635 1150 cturno.

369 1202 562 1239 Antiphonae.

201 1306 208 1314 .
234 1280 356 1320 Eligius
380 1281 418 1311 ad
447 1279 591 1310 decorem

231 1327 292 1358 Dei
317 1326 426 1358 domus
451 1329 483 1356 et
505 1326 654 1359 honorem

274 1375 378 1412 Auget
402 1373 618 1405 ministerium.

196 1457 203 1463 .
230 1429 337 1460 Sancti
361 1429 561 1470 providentia

230 1475 455 1508 Subministrat
478 1477 591 1518 omnia,

223 1522 273 1554 Ne
296 1524 338 1555 sit
360 1523 567 1563 neglegentia,

171 1601 201 1613 ..
228 1579 336 1612 Sancti
362 1580 422 1611 viri
446 1580 557 1621 gratia,

227 1629 324 1665 Quam
349 1626 444 1660 habet
470 1627 501 1658 in
529 1627 624 1669 curia,

223 1674 313 1706 Malis
345 1677 393 1705 est
415 1675 534 1713 inopia.

362 1748 499 1784 Re::p0ns‹
515 1750 568 1776 sia.

194 1834 200 1840 .
228 1807 293 1838 Iste
317 1805 420 1837 forma
443 1810 604 1844 speciosus

272 1855 316 1885 Et
341 1854 454 1884 decore
477 1862 566 1884 roseo

226 1900 314 1933 Stola
338 1909 393 1931 sua
418 1900 571 1940 gloriosus

275 1947 467 1987 Cinguloque
490 1957 596 1988 aureo,

225 1993 305 2036 Regi
330 2004 427 2034 supra
451 1995 564 2038 serina,

228 2042 352 2074 Christo
377 2042 487 2074 subtus
514 2042 640 2075 cilicina

226 2090 322 2122 Veste
345 2090 474 2129 placens
500 2090 592 2121 nimis

269 2137 416 2170 mortalia
440 2145 582 2177 quaeque
605 2138 751 2181 negabat,

187 2212 193 2218 .
223 2184 335 2217 Omnia
361 2184 493 2224 captivis

271 2232 525 2273 pauperibusque
552 2232 657 2266 dabat.

192 2317 198 2322 .
224 2288 312 2321 Sicut
336 2290 407 2330 apis
431 2300 529 2331 sagax
552 2289 659 2323 florem

831 354 871 389 V.

846 479 876 510 3.

831 2103 871 2136 A.

903 213 956 245 Sic
980 212 1133 244 virtutum
1157 219 1373 252 possessorem

903 259 995 292 Vitae
1019 262 1149 292 sanctae
1173 268 1232 300 per
1256 260 1387 292 odorem

950 306 1059 340 Sancti
1083 307 1203 347 probat
1227 306 1340 351 gratia,

901 355 985 386 Nam
1010 363 1065 386 vas
1093 354 1188 386 dante
1213 363 1335 387 merum

949 411 1012 434 non
1039 400 1147 434 deficit
1171 401 1233 434 sibi
1257 410 1390 435 merum.

900 479 982 519 Lux,
1008 477 1105 518 Eligi‚
1134 478 1189 519 qui
1213 479 1385 510 multorum

902 525 1070 558 Refulsisti
1094 526 1331 565 monachorum,

902 573 955 606 Sic
990 577 1190 613 praesentem
1215 582 1290 615 rege
1316 574 1455 612 chorum,

904 621 994 660 Quod
1027 623 1100 661 post
1126 622 1217 653 huius
1243 622 1328 653 vitae
1353 620 1457 654 forum

902 669 990 700 Luce
1014 668 1179 701 beatorum

948 719 1086 755 ponatur
1109 717 1143 748 in
1169 717 1249 748 aede
1273 717 1437 757 polorum;

899 763 958 803 Qui
983 765 1103 804 pietate
1126 763 1215 804 cluis,

950 812 1105 843 auxiliare
1129 812 1202 843 tuis,

996 953 1041 984 In
1065 953 1296 987 Laudibus

1047 1047 1242 1083 Antiphonae.

864 1158 871 1165 .
897 1133 1031 1174 Eligius,
1058 1133 1118 1166 Dei
1138 1135 1302 1175 ternplum,

900 1181 997 1213 Bonis
1018 1182 1050 1213 in
1076 1190 1111 1212 se
1135 1191 1195 1222 per
1219 1183 1397 1222 exemplum

949 1228 1054 1269 Magis
1084 1230 1153 1260 vult
1176 1229 1341 1270 proficere.

904 1305 983 1337 Dari
1008 1305 1067 1337 sibi
1095 1306 1177 1345 petit
1199 1306 1319 1344 villam,

903 1352 1023 1384 Bonum
1048 1353 1150 1392 possit
1174 1354 1210 1384 ut.
1234 1362 1292 1392 per
1316 1352 1415 1397 illam,

953 1400 1043 1439 Quod
1068 1399 1216 1440 intendit,
1243 1399 1359 1433 facere.

903 1477 972 1509 Rex
997 1476 1107 1509 audita
1131 1477 1295 1509 voluntate

903 1523 1009 1556 Sancti
1036 1524 1084 1556 sui
1109 1524 1257 1566 largitate

947 1571 1050 1603 Donat
1077 1571 1105 1602 ei
1129 1572 1307 1611 praedium.

901 1648 937 1680 In
961 1656 1021 1687 quo
1049 1651 1138 1679 coetu
1163 1649 1390 1680 monachorum

900 1695 1097 1735 Congregato
1119 1697 1283 1728 beatorum

949 1743 1079 1775 Fundat
1100 1745 1337 1778 monasterium.

903 1820 1036 1851 Fratres
1060 1820 1163 1851 sancti
1184 1824 1289 1852 mente
1314 1824 1383 1853 tota

902 1866 970 1897 Deo
995 1866 1136 1899 reddunt
1160 1876 1217 1899 sua
1243 1872 1316 1900 vota

948 1913 1123 1946 Iubilantes
1150 1914 1310 1949 cordibus,

1015 2026 1062 2053 Ad
1089 2026 1273 2055 Benedictus.

901 2104 926 2136 O
953 2103 1069 2135 dilecte
1092 2105 1232 2147 praesul,
1259 2106 1334 2140 audi

900 2151 967 2184 Nos
993 2154 1143 2184 vacantes
1169 2156 1242 2185 tuae
1266 2155 1365 2194 laudi,

902 2200 1048 2240 Quosque
1072 2202 1160 2232 tenet
1183 2201 1274 2233 navis
1299 2203 1388 2236 Petri

901 2247 1109 2279 Fluctuantes
1136 2249 1192 2280 hos
1218 2258 1237 2280 a
1262 2251 1358 2282 taetri

951 2293 1045 2334 Syrte
1069 2295 1160 2328 salva
1183 2298 1273 2337 putei

231 2366 234 2372 .
264 2366 270 2372 .
297 2366 306 2372 ,
331 2338 414 2378 sugit
439 2342 470 2370 et
496 2338 591 2371 decor
764 2364 842 2398 MEO!
948 2342 1127 2384 Portusque
1152 2345 1270 2377 siderei

271 2385 347 2418 Fert
370 2387 411 2418 ad
435 2387 487 2418 aiv
532 2380 672 2468 &3505ss
694 2368 734 2403 OF
844 2370 981 2457 AEVAA&
1024 2400 1081 2423 ace
1107 2391 1190 2424 dona
1214 2392 1348 2432 perfrui.

506 2412 865 2567 &fii-meu
869 2468 887 2490 Β

491 2514 531 2567 ’ἕ
674 2529 825 2558 cot-LEGE
906 2429 1011 2559 )}
975 2508 1007 2532 Φ
