1653 2567
692 94 949 129 —233-

364 191 574 226 Responsoria.

166 246 197 278 1.
224 246 257 279 Is
283 247 378 279 stella
402 250 613 288 praeradians

270 296 308 327 In
335 296 482 329 ordinem
507 297 722 337 paupertatis,

224 341 341 375 Orbem
369 344 557 384 episcopatu
579 345 745 378 illustrans

269 390 418 423 Moribus
440 390 656 436 conformatis,

224 437 330 479 Signis
357 441 389 470 et
412 439 576 472 miraculis

270 485 422 519 Veridice
448 487 638 525 coruscavit,

227 533 271 567 Ut
297 533 362 567 fide
389 535 556 575 dignorum
582 535 720 567 oraculis

274 582 420 615 Romana
444 583 538 615 sedes
563 582 776 625 adprobavit3

155 628 193 664 V.
223 631 333 671 Aegra
358 638 493 673 corpora
516 631 675 663 recreavit

276 678 417 718 Spiritus
442 678 505 710 Dei
531 679 624 719 dono,

228 725 355 760 Infecta
379 727 478 759 corda
503 726 689 760 emundavit

278 774 455 806 Decoratus
483 802 489 808 .
519 802 525 808 .
555 802 561 811 .
591 805 597 811 ,

170 834 203 867 2.
230 832 391 874 Vergente
415 833 526 865 mundi
554 841 686 873 vespere

277 881 365 913 Deus
389 882 494 913 vatem
519 880 748 922 praesentavit,

232 928 291 963 Cui
315 929 350 961 in
373 929 543 960 missarum
568 937 666 970 opere

280 977 346 1010 Sua
370 978 495 1009 secreta
519 976 685 1018 revelavit,

231 1026 370 1065 Quorum
395 1024 536 1065 plurima
557 1032 713 1064 prospere

280 1072 461 1105 Ecclesiam
488 1072 677 1113 designavit,

160 1121 198 1155 V.
229 1122 267 1153 In
290 1119 453 1161 praesenti
478 1120 605 1152 saeculo

281 1168 372 1200 Mala
396 1176 477 1208 quae
501 1176 559 1200 nos
584 1169 744 1210 premunt,

236 1215 346 1249 Sancti
374 1215 488 1256 Cyrilli
515 1215 643 1248 oraculo

282 1264 457 1296 Praedicta
482 1265 557 1295 sunt
581 1267 613 1295 et
638 1266 739 1298 erunt.

173 1323 205 1356 3.
232 1322 329 1354 Pater
354 1323 465 1353 sancte
489 1321 621 1364 Cyrille,

282 1368 458 1409 Presbyter
483 1368 631 1409 Carmeli,

234 1416 303 1449 Nos
327 1417 449 1458 pluries
476 1425 569 1457 quam
593 1417 683 1449 mille

280 1465 353 1497 Duc
378 1465 420 1497 ad
445 1473 534 1497 aram
561 1464 650 1507 caeli,

235 1513 300 1546 Per
324 1516 379 1544 tua
403 1515 515 1545 sancta
539 1513 655 1545 merita

233 1561 316 1594 Dele
340 1563 454 1593 nostra
480 1560 589 1593 debita

234 1608 279 1642 Et
304 1608 428 1642 ordinis
453 1608 555 1641 nostri
582 1610 741 1642 catervam

234 1657 296 1690 Dei
322 1655 445 1698 perfice
469 1656 584 1697 gratia.

165 1706 203 1739 V.
235 1704 338 1738 Nobis
363 1705 443 1737 assit:
469 1705 566 1737 decor
592 1704 741 1747 Carmeli,

235 1753 353 1787 Matris
386 1762 449 1786 non
477 1753 561 1786 desit
581 1753 683 1794 gloria
708 1753 798 1786 caeli.

333 1900 380 1932 In
405 1897 636 1931 Laudibus.

386 1973 584 2010 Antiphonae.

181 2033 213 2066 1.
240 2034 401 2066 Decorem
426 2032 567 2066 Carmeli

288 2081 425 2114 Sanctus
452 2080 593 2120 Cyrillus
618 2080 733 2122 induit,

241 2131 326 2164 Dum
351 2127 544 2162 fortitudine
567 2127 630 2161 Dei
655 2127 736 2160 caeli

290 2177 438 2211 Amictus
465 2176 590 2211 claruit.

856 192 887 223 2.
914 190 1076 222 Servitute
1098 188 1184 220 laeta

961 235 1101 268 Domino
1124 233 1259 267 servivit,

918 284 1069 324 Cyrinus,
1098 283 1172 314 dum
1196 281 1357 321 propheta

963 330 1072 362 Solum
1096 329 1201 361 Deum
1227 328 1419 368 concupivit.

859 389 891 422 3.
918 387 1053 420 Sanctus
1078 389 1172 425 pater
1196 384 1336 417 diluculo

966 434 1021 466 Ad
1046 433 1149 466 Deum
1175 431 1340 464 festinavit

916 483 962 514 Et
984 482 1034 513 sui
1061 480 1166 513 cordis
1190 480 1281 512 oculo

966 528 1090 561 Devote
1114 528 1248 568 rogavit.

882 609 890 616 .
917 586 956 618 In
980 593 1078 626 opere
1104 583 1216 617 deifico

965 632 1053 665 Deus
1078 632 1291 672 benedicitur,

919 681 1011 721 Quod
1036 680 1158 720 Cyrillo
1183 679 1374 719 presbytero

968 729 1123 770 Angelice
1149 726 1350 760 describitur.

887 812 894 819 .
920 786 1061 826 Spiritus
1086 785 1286 826 spirtualiter

969 833 1123 874 Spiritum
1148 832 1304 864 revelavit

923 881 1063 922 Cyrillus
1086 881 1150 913 Dei
1173 880 1303 912 Domini

968 929 1053 961 Dum
1078 927 1187 961 futura
1211 927 1426 970 prophetavit.

1040 1020 1087 1049 Ad
1106 1021 1292 1049 Benedictus.

884 1124 892 1132 .
920 1100 1029 1132 Decor
1055 1098 1149 1131 detur
1172 1099 1247 1131 huic
1273 1099 1411 1132 Carmeli

922 1147 1045 1188 Cyrillo
1071 1149 1181 1179 sancto
1208 1150 1240 1179 et
1264 1146 1363 1190 fideli,

975 1194 1033 1234 Qui
1061 1193 1215 1227 deiferam
1240 1195 1410 1235 gloriosam

1019 1242 1170 1275 Abimata
1195 1243 1321 1275 macula

1068 1290 1241 1322 Praeclare
1266 1289 1456 1330 defensavit,

925 1339 977 1372 Ex
1004 1338 1117 1370 effectu
1143 1338 1249 1370 cordis
1274 1339 1335 1370 zeli

927 1387 973 1420 Et
998 1386 1107 1419 favore
1132 1386 1205 1427 puri
1228 1386 1292 1419 veli

976 1434 1031 1468 Sui
1058 1434 1181 1466 ordinis
1205 1434 1240 1466 in
1266 1436 1433 1474 patronam

1023 1482 1054 1514 A
1077 1482 1155 1514 sede
1180 1482 1361 1522 apostolica

1075 1530 1159 1562 Prae
1165 1529 1286 1561 cunctis
1293 1529 1475 1571 impetravit
1483 1556 1489 1562 .

1007 1675 1054 1706 In
1079 1674 1111 1706 2.
1135 1673 1358 1714 vesperis.

1051 1767 1098 1796 Ad
1117 1767 1300 1803 Magnificat.

892 1861 899 1868 .
932 1836 1063 1878 Cyrille,
1090 1836 1232 1875 eremita,

931 1884 1158 1918 Arachmicola
1182 1880 1247 1928 [sic
1260 1880 1283 1928 !]

931 1934 1003 1966 Tua
1025 1935 1138 1965 saneta
1163 1932 1257 1964 docet
1281 1932 1358 1967 vita,

932 1982 980 2014 Te
1005 1980 1157 2013 heredem
1183 1978 1254 2012 fore
1277 1979 1369 2019 caeli,

931 2030 1013 2062 Nam
1040 2028 1136 2060 te1ris
1164 2027 1335 2060 delectaris

935 2076 1099 2117 Angelicis
1126 2075 1304 2116 colloquiis,

935 2126 982 2158 Es
1006 2134 1027 2157 a
1050 2125 1119 2157 Deo
1145 2124 1285 2156 sociatus

936 2173 1064 2206 Divinis
1091 2172 1235 2212 eloquiis.

252 2257 338 2286 Brev.
359 2264 412 2283 ms.
436 2253 564 2283 Carmeli
585 2253 777 2288 Bambergen.
801 2252 872 2279 anni
894 2247 976 2278 1467.
1012 2249 1082 2276 Cod.
1098 2247 1293 2283 Bambergen.
1306 2245 1362 2274 Ed.
1378 2247 1437 2275 VII
1452 2244 1498 2274 25.

169 2293 210 2324 In
242 2295 267 2324 1.
293 2296 398 2323 Noct.
424 2292 446 2321 Α
475 2291 502 2327 3,
522 2291 543 2321 4
568 2294 672 2320 exstat.
694 2305 732 2310 -—
762 2288 782 2316 Β
804 2287 831 2321 3,
853 2288 870 2317 6
892 2288 1069 2317 abdicatum.
1089 2303 1127 2307 —
1148 2287 1191 2314 In
1215 2284 1241 2313 2.
1262 2286 1366 2314 Noct.
1388 2283 1409 2311 Α
1434 2282 1461 2319 3,
1483 2283 1500 2313 3

170 2334 351 2363 Inevitabile
374 2333 514 2360 futurum.
540 2347 577 2351 —
607 2329 628 2357 R
658 2328 684 2363 2,
705 2327 725 2357 4
745 2337 787 2365 sq.
813 2328 899 2355 Nach
925 2335 942 2354 a
985 2326 1053 2354 elici
1081 2321 1258 2361 (angehea‘ae‘)
1282 2325 1322 2352 ist
1346 2324 1425 2352 wohl
1453 2325 1502 2352 ein

171 2373 248 2401 Vers
265 2371 458 2409 ausgefallen.
474 2387 508 2390 —
527 2368 547 2398 R
563 2368 590 2406 3,
604 2369 625 2399 4
637 2369 708 2397 Lies
721 2367 842 2395 carum?
856 2381 894 2386 —
907 2366 950 2393 In
985 2384 991 2392 .
1004 2364 1057 2392 No
1067 2366 1108 2392 ct.
1125 2362 1145 2390 R
1161 2361 1185 2397 1,
1202 2360 1220 2391 3
1235 2363 1446 2400 episcopatum.
1463 2377 1497 2382 —-

171 2413 218 2442 In
237 2412 257 2441 2
285 2412 393 2446 Vesp.
412 2409 458 2438 Ad
476 2411 577 2446 Magn.
600 2407 632 2444 Α,
653 2406 671 2435 5
689 2407 762 2435 Lies
781 2406 860 2434 Nam
880 2406 914 2432 in
933 2404 1021 2432 terris
1042 2402 1226 2431 delectatus?
