1653 2567
779 138 847 173 258

163 234 285 269 Leipzig
315 230 400 268 188&
432 233 483 260 der
507 233 582 260 Text
605 233 652 260 bei
680 233 848 268 Klemming
871 232 931 266 ΠΙ,
966 231 1004 260 64
1030 232 1059 259 ff.
1087 240 1140 259 aus
1166 233 1251 260 Brev.
1278 232 1466 276 Lineopense

161 273 229 307 imp.
255 271 462 307 Norimbergae
490 268 574 303 1493,
602 271 661 298 und
687 271 733 298 bei
759 270 880 304 Dauum,
907 270 998 298 Vetus
1020 270 1212 306 Hymnarium
1233 270 1465 298 ecclesmsticum

163 309 341 344 Hungan'ae,
362 306 417 336 276
436 308 464 336 ff.
486 317 539 335 aus
557 308 677 343 Antiph.
699 317 750 335 ms.
771 308 953 336 Posom'ense
971 317 1001 336 11.
1022 307 1039 336 5
1059 318 1128 336 vom
1147 308 1239 337 Jahre
1261 306 1343 336 1484.

599 398 639 431 91.
670 400 712 431 De
731 400 841 431 saneta
860 399 1035 432 Elisabeth.

302 470 349 501 In
375 471 404 502 1.
429 469 643 509 VesperiS.

346 542 393 570 Aa
411 543 588 580 Magnificat.

160 601 199 634 A.
229 600 307 637 Ave,
330 604 431 632 mater
454 601 592 643 pietatis,

278 646 394 679 Forma
418 648 600 689 patientiae,

230 693 402 733 Exemplar
430 695 628 735 humilitatis,

280 741 369 780 Roga
393 751 498 782 regem
523 742 652 783 gloriae,

231 787 275 819 Ut
298 797 355 819 nos
379 789 482 821 solvat
506 800 525 820 a
548 791 686 829 peccatis

277 835 323 866 Te
346 837 483 867 colentes
508 837 604 868 hodie

229 881 267 913 In
290 882 350 913 hac
371 884 455 915 valle
481 884 635 915 castitatis

275 928 395 961 Lumen
418 930 545 962 mittens
570 932 702 970 gratiae.

294 1051 355 1083 Ad
379 1052 644 1087 Matutinum.

363 1126 576 1154 Invitatorium.

231 1182 393 1214 Adoretur
418 1192 474 1214 rex
498 1184 627 1226 gloriae,

230 1229 368 1268 Sponsus
392 1231 502 1262 matris
528 1232 687 1275 ecclesiae,

231 1277 289 1315 Qui
313 1276 478 1308 Elisabeth
504 1279 619 1318 gaudia

228 1322 292 1354 Dat
315 1323 411 1355 hodie
434 1325 592 1357 caelestia.

292 1446 337 1478 In
364 1447 393 1480 1.
419 1446 647 1481 Nocturno.

369 1531 564 1567 Antiphonae.

172 1587 203 1619 1.
227 1587 278 1618 Ex
302 1588 401 1627 regali
425 1588 525 1628 stirpe
549 1592 624 1621 nata

227 1634 346 1665 Mulier
369 1636 446 1666 haec
471 1639 534 1667 tam
558 1637 652 1669 beata

227 1681 322 1713 Velut
344 1683 391 1714 sol
415 1683 499 1714 inter
522 1684 653 1716 nebulas

229 1727 281 1759 Sic
305 1727 395 1760 fulsit
416 1730 500 1761 inter
525 1731 613 1765 alias,

170 1785 201 1817 2.
227 1784 347 1815 Mundo
372 1795 507 1825 namque
530 1791 713 1820 senescente

231 1831 273 1862 Et
297 1832 338 1863 ad
360 1832 454 1864 finem
479 1834 542 1864 iam
566 1835 717 1867 tendente

231 1878 403 1918 Tamquam
427 1881 519 1912 stella
545 1882 718 1915 clarissima

229 1925 316 1956 Hora
340 1926 425 1958 lucet
447 1929 610 1963 matutina.

173 1983 203 2014 3.
229 1981 318 2013 Haec
341 1987 451 2016 sancta
475 1985 514 2016 ab
539 1984 673 2019 infantia

229 2029 343 2061 Manus
367 2031 454 2062 misit
478 2033 520 2064 ad
543 2031 640 2066 fortia

229 2077 316 2108 [nter
338 2079 447 2110 mundi
474 2080 600 2112 divitias

229 2122 397 2157 Continens
423 2136 460 2158 ac
485 2127 625 2160 delicias.

357 2200 562 2237 Responsoria.

171 2255 202 2288 1.
228 2256 404 2300 Elisabeth,
431 2268 510 2298 quae
536 2260 651 2294 dicitur

226 2303 287 2334 Dei
311 2305 358 2335 sui
382 2307 542 2347 saturitas,

226 2351 347 2383 Nomen
372 2363 469 2393 opere
493 2356 681 2400 complebat,

229 2398 310 2430 Dum
335 2408 491 2441 pauperes
516 2404 664 2447 satiabat,

836 471 874 505 V.
906 471 1068 505 Christum
1092 473 1174 504 enim
1199 476 1367 513 tantopere

908 518 1053 552 Satiabat
1080 521 1113 552 in
1136 530 1289 561 paupere.

848 587 879 618 2.
904 585 1073 618 Elisabeth
1096 586 1225 619 ieiuniis

907 631 948 665 Se
972 637 1114 666 mactans
1138 636 1170 665 et
1194 635 1322 675 vigiliis,

907 681 1086 714 Offerrebat
1111 681 1230 714 cotidie

905 727 1052 761 Hostiam
1077 729 1145 769 regi
1169 729 1290 769 gloriae

867 801 873 807 .
903 775 976 808 Non
1000 785 1039 808 ex
1063 779 1195 816 pectore
1219 778 1323 810 alieno

905 821 967 855 Sed
999 832 1037 855 ex
1063 833 1196 864 corpore
1220 825 1363 866 proprio.

871 916 879 923 .
905 890 995 923 Haec
1019 894 1164 923 matrona
1187 892 1305 924 nobilis

905 937 985 970 Post
1011 938 1174 970 decessum
1201 939 1343 980 coniugis

906 984 1031 1026 Totum,
1057 985 1212 1026 quidquid
1237 987 1360 1027 habuit,

903 1030 1022 1072 Egenis
1049 1033 1230 1075 distribuit3

865 1106 872 1113 .
902 1078 983 1111 Nam
1012 1080 1052 1112 de
1077 1081 1151 1112 dote
1176 1082 1308 1122 propria

904 1125 1067 1167 Dispersit
1089 1129 1283 1168 pauperibus

902 1173 1086 1206 Marcamm
1112 1176 1173 1207 duo
1200 1177 1289 1209 milia

904 1220 1047 1254 Diversis
1071 1224 1278 1263 temporibus.

968 1345 1014 1377 In
1040 1348 1070 1378 2.
1097 1345 1330 1382 Nocturno,

1045 1420 1241 1456 Antiphonae.

870 1501 877 1508 .
906 1476 1063 1509 Christum
1090 1479 1186 1510 valde
1210 1480 1341 1512 sitiebat

903 1520 992 1555 Inter
1014 1528 1125 1564 portas
1149 1526 1316 1569 infantiae,

903 1570 987 1603 Dum
1011 1572 1102 1604 basia
1125 1575 1313 1615 porrigebat

902 1618 1079 1651 Liminibus
1106 1622 1270 1656 ecclesiae.

868 1709 875 1716 .
902 1683 990 1717 Sicut
1015 1687 1084 1726 apis
1107 1688 1295 1721 mellificans

902 1731 952 1764 Ex
977 1731 1108 1766 floribus
1133 1736 1196 1768 mel
1221 1737 1373 1778 colligens

904 1780 1125 1821 Congregabat
1150 1785 1268 1817 cotidie

905 1826 1057 1860 Caelestis
1083 1829 1221 1863 fructum
1246 1834 1381 1872 patriae.

871 1918 878 1925 .
904 1893 1045 1926 Caritate
1070 1897 1245 1941 vulnerata,

903 1941 1000 1973 Malis
1024 1943 1176 1975 virtutum
1201 1946 1321 1986 stipata

904 1987 1071 2021 Mactabat
1092 1999 1219 2024 earnem
1244 1995 1408 2035 propriam

904 2036 1029 2069 Christo
1055 2038 1235 2077 placentem
1261 2042 1410 2077 hostiam.

1038 2122 1246 2158 Responsoria.

867 2199 876 2207 .
903 2175 1044 2210 Tandem
1070 2181 1155 2212 mitis
1181 2187 1214 2215 et
1238 2185 1364 2224 patiens

902 2222 946 2255 Et
969 2229 1150 2268 contemptu
1175 2232 1223 2263 sui
1249 2234 1392 2272 gaudens

901 2270 1027 2304 Eicitur
1051 2275 1090 2307 de
1107 2279 1258 2320 propriis,

903 2318 1055 2353 Afficitur
1079 2326 1270 2369 opprobriiS‚

864 2392 871 2399 .
901 2365 950 2398 De
976 2369 1041 2400 suis
1063 2370 1110 2402 nil
1134 2374 1331 2414 requirebat,

903 2414 1002 2453 Quam
1029 2418 1144 2453 caritas
1168 2423 1365 2460 possidebat.
