1653 2567
170 215 260 256 Quod
286 217 451 256 superavit
476 217 611 250 lividam

169 264 269 303 Quam
295 267 448 309 gesserat,
475 264 654 305 perfidiam.

114 321 146 354 4.
172 320 237 353 Hic
262 319 324 353 fuit
349 321 551 354 admirabilis

169 369 339 408 Adspectu
368 369 579 409 delectabilis,

219 416 320 448 Totus
344 418 565 458 morigeratus

111 475 144 507 5.
171 473 236 506 Sed
260 472 309 505 his
336 474 458 506 cunctis
481 475 647 514 praeditus

171 521 303 562 Sprevit
328 529 365 553 ea
390 521 519 561 penitus

216 569 264 601 Et
285 568 398 601 mundi
422 569 634 610 principatus,

99 627 138 660 R.
168 626 363 658 Benedictus
388 625 544 658 Dominus

172 674 230 712 Sit,
257 673 311 714 qui
336 682 426 705 suam
451 675 587 715 gratiam

170 721 316 754 Adriano
343 722 478 754 contulit

170 769 354 808 Miramque
379 767 566 811 efficaciam,

171 818 298 851 Sortem
323 817 435 849 mundi
458 824 612 856 spernere

220 864 266 897 Et
291 865 412 898 caelica
438 864 580 905 diligere.

100 913 139 946 V.
171 912 361 952 Divitesque
384 912 519 952 nobiles,

169 960 233 992 Per
258 961 341 992 hanc
364 969 506 992 normam
536 959 658 1002 discite,

174 1008 290 1040 Crestus
315 1011 439 1040 vestros
464 1006 597 1048 fragiles

172 1055 209 1088 In
235 1054 385 1088 fortiores
408 1058 545 1089 vertere.

290 1120 334 1148 Ad
355 1119 535 1156 Magnificat.

98 1171 140 1204 A.
171 1170 196 1203 Ο
221 1169 316 1201 beate
340 1171 465 1209 martyr
490 1168 620 1210 Christi,

173 1217 232 1256 Qui
259 1216 420 1249 credendo
445 1216 589 1248 meruisti

171 1265 261 1297 Fieri
283 1273 377 1305 quam
401 1263 542 1303 plurium

171 1313 342 1345 Possessor
366 1320 592 1352 praemlorum,

170 1361 220 1393 Tu
244 1369 304 1400 pro
329 1359 433 1399 nobiS,
459 1362 553 1399 pater
577 1360 640 1400 pie,

170 1408 262 1449 Roga
286 1416 394 1448 regem
418 1407 542 1447 veniae,

169 1456 215 1488 Ut
235 1459 309 1495 post
333 1456 414 1488 haec
440 1454 552 1487 exsilia

169 1504 236 1536 Det
257 1503 352 1536 nobis
377 1511 455 1536 vera
479 1501 606 1542 gaudia.

199 1581 261 1613 Ad
287 1579 635 1620 Completorium.

262 1647 309 1674 Ad
330 1646 417 1674 Nunc
438 1646 570 1673 dimittis.

99 1696 141 1729 A,
173 1695 290 1728 Sancte
315 1694 470 1735 Adriane,

169 1743 300 1784 Martyr
326 1742 446 1776 Christi
471 1742 622 1783 pretiose,

170 1791 295 1824 Adesto
321 1790 441 1823 nostris
465 1789 616 1831 precibus

170 1840 247 1872 Pius
272 1848 311 1871 ac
335 1839 508 1879 propitius.

240 1916 301 1949 Ad
326 1915 595 1949 Matutinum.

306 1982 524 2012 Invitatorium.

170 2033 291 2075 Regem
316 2041 426 2073 regum
452 2040 641 2065 veneremur

214 2080 282 2114 Nos
309 2080 350 2114 de
375 2080 471 2113 corde
495 2078 639 2121 fragiles,

166 2129 212 2162 Ut
236 2138 296 2169 per
320 2131 410 2162 actus
437 2126 653 2161 confortemur

212 2177 353 2210 Adriani
377 2176 503 2217 vigiles.

228 2253 276 2287 In
303 2254 336 2287 1.
361 2253 595 2287 Nocturno,

311 2318 510 2357 Antiphonae.

107 2372 139 2404 1.
164 2370 217 2403 Ab
244 2379 300 2402 ore
323 2372 433 2402 nostro
457 2369 595 2410 suscipe,

210 2420 287 2453 Iesu
313 2417 453 2460 Christe,
477 2419 553 2451 vota

738 121 875 156 19—

857 218 911 251 Ad
935 219 1087 250 honorem
1109 217 1261 258 martyris

906 266 1043 298 Adriani
1067 273 1163 308 mota,

859 314 966 354 Digna
991 314 1079 345 cuius
1103 313 1266 346 memoria.

800 381 833 412 2.
857 378 1046 412 Maximiani
1071 381 1224 422 tempore,

910 426 1054 459 Caesaris
1079 427 1189 467 iniqui,

861 475 1060 515 paganorum
1084 474 1216 514 plurimi

908 524 983 555 sunt
1006 522 1163 561 accersiti,

859 568 907 603 Ut
925 569 984 602 fiat
1006 570 1169 603 idolatria.

801 637 833 669 3.
860 637 949 669 Inter
974 644 1051 675 quos
1077 635 1208 676 quidam
1233 634 1370 679 fuerunt,

909 683 968 722 Qui
992 682 1090 716 fidem
1116 683 1305 716 catholicam

861 731 1015 763 Sollerter
1039 733 1212 763 tenuerunt

908 778 1069 811 Timentes
1095 778 1262 819 supplicia.

1008 874 1216 909 Responsoria.

804 940 835 973 1.
861 941 946 973 Dum
971 942 1012 973 ad
1036 942 1219 974 idolatriam

907 989 1044 1022 tendunt
1068 989 1195 1031 pagani,

859 1036 1053 1068 Renituntur
1078 1036 1250 1076 plurimum

909 1083 1037 1123 quidam
1064 1083 1249 1125 Christiani,

858 1131 1010 1163 Dicentes
1034 1130 1239 1172 ignominiam

860 1178 965 1211 Sanae
988 1178 1103 1210 mentis
1129 1180 1299 1218 pessimam

788 1226 826 1259 V.
853 1226 899 1258 Et
920 1235 1030 1258 verum
1055 1227 1157 1259 Deum
1182 1229 1329 1259 asserunt

861 1274 1033 1316 Christum,
1062 1274 1137 1306 deos
1162 1278 1319 1316 respuunt

859 1321 1058 1362 Suorumque
1082 1320 1249 1355 familiam.

801 1390 832 1422 2.
860 1389 919 1421 His
946 1389 1026 1421 actis
1050 1388 1266 1421 Maximianus

859 1437 955 1469 Furit
979 1436 1053 1469 hinc
1079 1439 1111 1468 et
1133 1436 1170 1469 fit
1192 1437 1334 1477 insanus,

857 1484 987 1524 Iubens,
1012 1487 1049 1516 ut
1073 1484 1106 1515 hi
1131 1485 1334 1517 trucidentur

858 1535 908 1565 Ac
932 1531 1068 1573 flagellis
1093 1531 1305 1564 verberentur

907 1580 958 1612 De
981 1588 1153 1611 nervorum
1178 1579 1308 1612 funibus

908 1626 1043 1659 Inflictis
1069 1628 1134 1659 suis
1160 1629 1296 1663 cutibus.

790 1675 827 1709 V.
861 1676 988 1708 Gaudet
1010 1676 1123 1708 cohors
1150 1676 1230 1708 dure
1255 1685 1357 1717 caesa,

859 1724 943 1756 Fide
968 1732 1099 1755 manens
1124 1724 1182 1756 sed
1207 1724 1330 1764 illaesa,

906 1771 1058 1804 Delectat
1083 1772 1287 1805 cruciatibus.

801 1842 832 1874 3.
856 1839 883 1872 Ο
908 1840 992 1872 mira
1016 1839 1186 1871 clementia

907 1886 968 1919 Dei
993 1887 1154 1927 salutaris,

860 1936 912 1969 De
936 1936 1046 1967 nostra
1073 1935 1293 1968 convertentia

905 1983 965 2022 Qui
990 1991 1117 2023 semper
1142 1983 1300 2024 gloriaris,

857 2032 908 2064 Da
933 2031 1042 2073 robur,
1069 2029 1119 2063 fer
1142 2031 1292 2063 auxilium

906 2078 1008 2111 Nobis
1039 2079 1248 2111 convertendi

857 2128 903 2160 Et
931 2136 990 2167 pro
1017 2126 1144 2159 delictis
1170 2126 1322 2166 gravibus

905 2174 1046 2215 Tempus
1071 2173 1270 2215 paenitendi,

858 2223 905 2257 Ut
928 2225 1004 2263 post
1027 2223 1127 2255 vitam
1153 2222 1275 2255 civibus

861 2270 1076 2304 Collaetemur
1102 2269 1280 2313 caelitibus

786 2321 825 2355 V.
857 2318 978 2360 Quibus
1004 2327 1089 2351 nunc
1112 2319 1182 2351 laus
1202 2323 1250 2352 est
1266 2322 1418 2360 perennis

860 2369 970 2402 Status
994 2367 1143 2407 vitaeque
1167 2368 1331 2410 sollennis,

907 2415 1011 2449 Dulce
1036 2416 1257 2449 ministerium.

1204 2472 1246 2501 2*
