1653 2567
724 127 886 163 —241
937 148 985 153 —

193 220 233 254 V.
265 222 331 254 Per
356 232 449 264 quem
474 225 592 256 multos

313 280 333 303 a
357 274 461 303 morte
484 272 631 313 suscitas,

265 319 389 351 Poenas
410 319 502 351 nobis

313 367 426 399 relaxa
452 367 588 401 debitas,

211 425 242 457 3.
270 423 295 456 O
321 432 412 463 spem
437 423 561 464 miram,
589 433 682 464 quam
709 425 829 457 dedisti

313 471 432 503 Mortis
456 472 536 503 hora
560 470 778 513 te=flentibus‚

265 519 350 551 Dum
375 522 449 559 post
474 523 610 551 mortem
633 520 810 560 promisisti

313 567 361 599 Te
386 565 590 607 profuturum
615 566 780 611 fratribus,

268 615 383 655 Imple,
410 617 513 655 pater,
543 616 628 655 quod
656 616 776 653 dixisti,

313 662 380 695 Nos
405 663 468 694 tuis
492 663 607 695 iuvans
633 663 802 705 precibus3

198 711 235 744 V.
268 710 327 749 Qui
354 712 403 742 tot
427 710 526 751 signis
554 711 697 743 claruisti

313 758 351 790 1n
376 767 546 798 aegrorum
572 758 768 802 corporibus,

270 806 375 838 Nobis
403 815 497 846 opem
524 805 632 838 ferens
659 806 779 838 Christi

314 854 431 895 Aeg-ris
456 854 587 886 medere
614 854 766 888 moribus,
885 847 925 879 Α·

355 950 402 982 In
428 949 663 983 Laudibus.

411 1025 610 1061 Antiphonae.

208 1084 239 1116 1.
263 1083 370 1115 Adest
396 1083 464 1115 dies
486 1083 640 1123 laetitiae,

319 1131 386 1170 Quo
412 1131 524 1163 beatus
549 1130 736 1163 Dominicus

268 1179 386 1211 Aulam
414 1179 560 1211 caelestis
587 1178 695 1209 curiae

315 1226 401 1259 Civis
425 1227 544 1258 instrat
567 1224 764 1266 magnificus.

201 1285 233 1317 2.
261 1284 389 1323 Pauper
413 1283 447 1315 in
472 1284 610 1326 peculio,

307 1331 407 1364 Dives
432 1331 500 1363 vita
524 1340 616 1371 pura,

260 1379 468 1419 Paupertat-is
494 1379 598 1419 pretio

311 1427 399 1460 Caeli
425 1429 513 1459 tenet
538 1427 619 1459 iura.

203 1485 235 1518 3.
262 1483 358 1516 Scala
385 1484 473 1515 caelo
499 1484 683 1523 prominens

310 1531 422 1564 Fratri
447 1532 619 1570 revelatur,

264 1580 327 1612 Per
352 1588 447 1620 quam
473 1583 567 1619 pater
591 1578 751 1610 transiens

314 1627 449 1660 Sursum
474 1626 650 1659 ferebatur.

204 1687 236 1717 4.
264 1684 422 1725 Linguae,
449 1693 560 1716 manus
587 1684 693 1716 studio

314 1733 441 1765 Scalam
466 1732 551 1763 hanc
576 1732 688 1773 erexit,

265 1780 367 1820 Quam
392 1781 481 1821 virgo
508 1788 578 1811 cum
604 1779 670 1812 filio

315 1828 424 1861 Mater
450 1837 575 1860 sursum
602 1828 699 1860 vexit.

203 1888 233 1920 5.
263 1885 380 1927 Fulget
402 1887 436 1918 in
462 1886 562 1919 choro
588 1886 747 1927 virginum

310 1934 433 1966 Doctor
456 1934 613 1973 veritatis,

264 1982 389 2015 Sertum
417 1982 546 2015 honoris
572 1982 732 2023 geminum

310 2030 434 2064 Gerens
461 2040 532 2063 cum
557 2031 673 2063 beatis.

1077 223 1123 252 Ad
1143 223 1327 251 Benedictus.

884 283 925 316 A.
952 283 1064 317 Carnis
1090 283 1189 323 vigor,

1003 331 1118 362 mentis
1142 329 1341 372 martyrium,

957 378 1113 411 Mundum
1137 378 1266 417 replens

1003 426 1092 460 vocis
1117 425 1334 465 praeconium,

958 474 1084 513 Pauper
1111 473 1240 513 Christi,

1006 525 1079 561 post
1104 530 1215 553 cursus
1241 519 1381 552 stadium

956 569 1052 602 Vitae
1078 569 1137 600 tibi

1003 618 1187 648 mercantur
1211 615 1399 655 praemium.

1021 713 1066 744 In
1093 713 1124 744 2.
1153 711 1263 750 Vesp
1278 710 1375 743 eris.

1082 786 1128 814 Ad
1146 786 1247 822 Magni
1252 785 1328 812 fieat.

957 846 981 879 Ο
1007 846 1114 877 lumen
1141 844 1303 886 ecclesiae,

1003 893 1127 925 Doctor
1152 891 1309 931 veritatis,

957 942 1045 974 Rosa
1069 940 1253 980 patientiae,

1005 988 1097 1020 Ebur
1123 987 1291 1028 castitatis,

957 1036 1082 1076 Aquam
1110 1035 1286 1075 sapientiae

1010 1083 1193 1122 Propinasti
1218 1081 1328 1122 gratis,

958 1131 1168 1163 Praedicator
1193 1129 1325 1170 gratiae,

1003 1177 1071 1209 Nos
1095 1178 1191 1218 iunge
1215 1177 1329 1210 beatis.

1013 1280 1114 1315 Infr
1128 1291 1147 1313 a
1172 1281 1196 1314 O
1212 1283 1383 1312 ctavam.

1073 1357 1120 1384 Ad
1139 1356 1326 1384 Benedictus.

882 1418 924 1450 A.
950 1416 1148 1449 Benedictus

1001 1464 1188 1503 redemptor
1213 1462 1365 1501 omnium,

956 1512 1015 1551 Qui
1041 1511 1138 1543 saluti

1000 1559 1174 1600 providens
1199 1558 1361 1590 hominum

955 1607 1079 1640 Mundo
1106 1606 1197 1638 dedit

1003 1657 1148 1687 sanctum
1173 1653 1385 1686 Dominicum.

1076 1730 1122 1757 Ad
1141 1728 1324 1767 Magnificat.

885 1791 925 1824 A.
957 1790 1077 1830 Magne
1100 1791 1207 1831 pater,

1003 1840 1114 1870 sancte
1137 1836 1317 1874 Dominice‚

958 1885 1077 1919 Mortis
1104 1886 1187 1917 hora

1004 1943 1063 1966 nos
1088 1937 1191 1965 tecum
1218 1932 1347 1971 suscipe

958 1982 1004 2015 Et
1027 1983 1082 2015 hic
1106 1990 1194 2022 semp
1199 1990 1234 2013 er

1007 2040 1066 2063 nos
1089 2030 1144 2071 pie
1166 2029 1302 2069 respice.

267 2099 353 2126 Brev.
381 2106 434 2125 ms.
463 2098 705 2125 Praedicatorum
732 2106 810 2126 saec.
837 2096 881 2126 15.
930 2097 1000 2126 Cod.
1027 2097 1197 2125 Olomucen.
1223 2096 1240 2123 Ι
1263 2094 1340 2122 vm
1364 2090 1392 2120 4.
1425 2093 1460 2121 A.
1482 2110 1519 2114 -

189 2138 276 2165 Brev.
303 2145 356 2164 ms.
383 2136 628 2164 Praedicatorum
655 2145 731 2164 saec.
761 2135 805 2164 14.
853 2137 922 2165 Cod.
950 2137 1087 2164 Rossian.
1116 2144 1138 2162 s.
1165 2143 1193 2162 n.
1221 2134 1255 2162 B.
1283 2147 1322 2151 —
1353 2132 1438 2159 Brev.
1464 2142 1518 2161 ms.

189 2176 432 2204 Praedicatorum
455 2183 530 2203 saec.
555 2173 598 2203 15.
635 2174 704 2203 Cod.
720 2176 924 2204 constantien.
947 2172 1029 2203 1393.
1052 2174 1084 2202 G.
1100 2188 1135 2192 —
1152 2174 1237 2201 Brev.
1259 2180 1313 2199 ms.
1329 2169 1358 2198 S.
1374 2170 1519 2200 Ludovici

188 2216 354 2243 Pisciacen.
386 2223 455 2242 saec
493 2212 537 2241 14.
565 2223 610 2242 ex.
652 2213 722 2242 Ood.
744 2212 873 2242 Par-isin.
895 2212 1022 2249 (Arsen.)
1043 2210 1107 2240 603.
1129 2213 1166 2240 D.
1187 2226 1225 2230 —
1245 2210 1331 2238 Brev.
1353 2218 1405 2237 ms.
1429 2210 1518 2239 Prac-

190 2254 355 2282 dicatorum
383 2262 460 2281 saec.
488 2250 532 2280 14.
575 2252 644 2281 (iod.
673 2253 809 2281 vatican.
839 2250 926 2281 7237.
951 2252 987 2280 E.
1024 2266 1052 2270 -
1080 2251 1167 2279 Brev.
1195 2258 1248 2277 ms.
1275 2248 1519 2278 Praedicatorum

192 2301 268 2320 saec.
298 2291 342 2320 14.
388 2292 459 2319 cod.
488 2291 518 2319 H
560 2300 604 2319 en.
631 2291 660 2319 V
688 2290 735 2319 27.
761 2292 793 2320 F.
827 2306 863 2310 —
884 2292 991 2319 Diui-n.
1020 2298 1073 2317 ms.
1095 2289 1339 2317 Praedicator-um
1368 2296 1444 2316 saec.
1474 2287 1518 2317 15.

191 2330 261 2359 eod.
283 2331 427 2359 Dresden.
450 2331 477 2359 A
497 2327 534 2358 31
558 2350 564 2356 .
593 2330 627 2359 G.
648 2346 686 2350 —
705 2331 792 2358 Brev.
821 2338 875 2357 ms.
896 2329 1140 2357 Praedicatorum
1161 2336 1237 2356 saec.
1261 2324 1305 2354 13.
1345 2326 1416 2354 Cod.
1438 2328 1519 2356 Don-

192 2369 360 2405 eschingen.
386 2367 451 2397 312.
473 2369 512 2397 H.
534 2383 570 2388 -
591 2366 677 2397 BreV.
704 2378 757 2396 ms.
777 2369 1021 2397 Praedicatorum
1043 2375 1119 2395 saec.
1143 2365 1185 2394 14.
1208 2367 1248 2394 in.
1283 2365 1353 2393 Cod.
1375 2366 1518 2395 Tolcsan.

191 2407 238 2435 77.
252 2408 275 2436 1.
292 2422 330 2427 —
344 2410 429 2436 Brev.
446 2417 500 2435 ms.
515 2407 758 2436 Praedicatorum
773 2416 842 2436 saec
869 2405 914 2435 15.
949 2406 1019 2435 Cod.
1031 2406 1224 2443 Bambergen.
1240 2405 1296 2433 Ed.
1311 2404 1371 2432 VII
1384 2402 1411 2433 3.
1425 2406 1463 2433 K.
1481 2420 1515 2425 —-

190 2447 277 2475 Brev.
305 2456 358 2474 ms.
378 2447 633 2482 W'isensteigense
659 2455 735 2475 saec.
767 2445 811 2475 15.
853 2446 923 2475 Ood.
942 2444 1125 2481 Maihingen.
1152 2445 1184 2473 ΙΙ
1208 2443 1232 2473 1.
1253 2445 1317 2472 Fol.
1341 2441 1404 2472 178.
1424 2445 1458 2472 L.
1486 2462 1518 2465 —

247 2498 359 2526 Blume.
376 2496 498 2522 Historiae
511 2497 670 2526 rhythmicae.
700 2498 729 2522 v.
1311 2492 1345 2522 16
