1653 2567
686 87 943 123 —136—

172 188 203 220 2.
229 186 326 226 Ecce,
356 188 506 227 quantum
530 185 583 218 hic
608 185 737 226 erravit,
1030 180 1078 208 Ad
1096 180 1281 209 Benedictus.

226 233 330 272 Hanc,
367 243 460 274 quam
486 234 526 266 de
550 242 586 265 se
609 233 785 274 generavit,
844 228 883 260 A.
914 227 981 266 Pyr
1006 226 1046 258 de
1072 224 1159 257 caelo
1182 225 1215 256 in
1240 224 1302 255 hoc
1325 221 1394 254 zelo

228 281 345 314 Natam
373 282 478 322 capite
502 282 663 314 truncavit
913 273 1127 306 Recedentem
1152 275 1226 304 ante
1251 273 1380 323 gentem

277 329 422 363 Gladiali
445 329 590 362 verbere.
962 323 1104 362 Patrem,
1129 320 1231 352 virum
1258 319 1411 358 crimmis,

961 369 1079 403 Flante
1101 367 1167 400 ictu
1191 367 1332 399 fulminis

914 416 1094 458 Deglutivit
1119 417 1151 447 et
1175 414 1335 455 contrivit,

916 464 1007 504 Quod
1030 464 1076 495 nil
1103 465 1223 494 certum
1242 465 1292 494 est
1307 463 1470 500 repertum

962 511 1107 544 Pulveris
1131 511 1183 542 vel
1209 508 1381 551 sanguinis.

173 393 204 424 3.
227 390 344 423 Ensem
371 391 461 432 virgo
488 399 558 423 cum
581 390 708 430 subivit,

231 438 354 479 Dignas
381 447 493 477 preces
518 442 593 470 tunc
616 437 731 478 petivit

233 485 295 517 Pro
320 486 469 525 gentibus
494 485 659 526 agentibus

277 534 457 566 Poenarum
503 542 631 565 suarum
670 540 788 564 memo·
1089 559 1096 565 .
1229 557 1236 563 .

917 559 1040 600 Corpus
1067 560 1160 600 digne
1183 559 1277 590 huius
1305 585 1311 591 .
1341 585 1347 591 .

558 589 648 624 nam'
918 606 1125 647 Conquisivit,
1152 605 1300 646 sepelivit

170 644 202 676 4.
229 643 276 675 Ut
300 643 361 674 hac
387 643 618 681 consequantur
642 650 738 682 prece
958 654 1145 686 Valentinus
1170 653 1302 693 virginis

230 690 268 721 In
294 699 351 722 sua
375 689 463 722 finali
487 697 565 721 nece
958 703 1043 736 νοω
1068 701 1114 741 Pii
1139 700 1283 732 culminis
1305 677 1314 696 '

278 738 485 770 Peccatorum
502 745 629 769 suorum
647 735 782 769 veniam.
913 749 999 788 Quae
1031 757 1088 780 nos
1126 748 1254 790 dignos,
1287 756 1351 780 non
1375 755 1470 786 prae-

173 800 205 832 5.
233 799 350 831 Sancta
374 806 469 839 prece
492 798 554 830 hac
577 797 668 830 finita
1240 795 1360 835 vignos,

229 845 291 877 Est
312 854 373 879 vox
399 846 506 878 dicens
531 854 604 877 mox
628 845 759 878 audita:
914 844 977 876 Sed
1001 843 1136 875 heredes
1159 843 1201 874 ad
1224 842 1388 874 mercedes

231 893 322 931 Quod
345 893 475 933 rogasti,
499 892 689 933 impetrasti,
958 890 1064 930 ipsius
1088 890 1270 923 certaminis

278 940 369 983 Veni,
396 949 514 981 sponsa
536 949 616 974 mea.
962 938 1092 970 Reddat
1118 940 1150 968 et
1173 937 1375 978 precaminis.

237 1034 321 1061 Brev.
350 1034 585 1062 Monasteriense
616 1034 686 1069 imp.
713 1041 737 1060 s.
756 1033 775 1060 1.
804 1034 833 1059 et
858 1040 884 1059 a.
904 1030 1006 1068 (1489),
1031 1032 1066 1059 A.
1099 1046 1137 1052 ——
1168 1034 1344 1061 Matutinale
1369 1034 1471 1060 Mona-

161 1072 304 1099 steriense
324 1072 393 1107 imp.
416 1080 439 1098 s.
462 1071 482 1097 l.
506 1075 535 1099 et
554 1079 579 1098 a.
600 1072 640 1106 B;
662 1070 797 1099 letzteres
819 1070 967 1097 natiirlich
986 1079 1042 1098 nur
1061 1071 1108 1098 (lie
1121 1071 1299 1099 Nocturnen.
1319 1085 1357 1090 —-
1376 1071 1471 1099 Laud.

161 1108 179 1134 Α
199 1108 227 1143 4,
243 1107 258 1135 1
279 1110 321 1137 Ut
341 1109 417 1136 hanc
436 1112 652 1146 consequantur
670 1108 705 1136 A.
733 1125 771 1129 —
796 1108 832 1135 In
852 1106 878 1135 2.
900 1108 988 1144 Vesp.
1010 1107 1104 1144 Super
1124 1109 1233 1136 Psalm.
1253 1109 1294 1136 A:
1321 1110 1409 1138 Hanc
1429 1117 1471 1137 re-

160 1146 271 1175 clusam
291 1154 418 1182 careere;
440 1147 486 1174 Ad
505 1147 627 1183 Magnif-
648 1147 708 1181 Pyr
729 1147 765 1174 de
785 1146 866 1173 caelo
888 1148 941 1173 etc.

602 1304 651 1335 48.
680 1304 723 1335 De
744 1305 855 1335 sancta
873 1304 1027 1336 Barbara.

638 1393 684 1425 In
712 1392 744 1425 1.
771 1392 988 1433 Vesperis‚

717 1476 911 1512 Antiphonac.

304 1545 335 1578 1.
361 1543 524 1576 Barbarae
547 1543 712 1576 sollemnia
737 1543 859 1576 festivis
884 1546 1011 1586 suscipe
1035 1548 1127 1587 votis,

358 1591 474 1623 Inclita
499 1590 644 1630 ecclesia,
670 1590 774 1623 libans
801 1592 964 1624 conatibus
990 1594 1065 1625 totis

357 1639 483 1672 Christo
508 1639 698 1681 precamina,
723 1642 757 1670 ut
780 1642 854 1679 post
876 1642 981 1672 aestus
1006 1641 1117 1682 iungat
1140 1645 1172 1674 te
1196 1643 1292 1676 notis,

302 1726 333 1758 2.
359 1723 491 1755 Teneris
514 1724 547 1755 in
572 1724 663 1756 annis
688 1724 767 1756 haec
791 1726 913 1764 sprevit.
936 1726 1025 1759 idola
1050 1737 1141 1768 vana,

357 1771 481 1803 Vilibus
507 1771 564 1803 sub
589 1771 704 1811 pannis
729 1781 877 1812 suprema
902 1775 1064 1812 quaeritur
1088 1776 1182 1810 bona.

303 1859 333 1891 3.
362 1856 510 1897 Virgineo
532 1855 611 1888 flore
635 1858 781 1897 martyrii
808 1866 939 1899 cumque
963 1860 1068 1900 rigore

361 1903 486 1945 Satagit
508 1905 638 1943 placere
660 1905 730 1945 regi
754 1905 902 1938 aethereo
925 1915 1021 1940 mere.

301 1991 333 2024 4.
359 1989 453 2021 Hanc
474 1989 535 2021 sibi
561 1990 672 2022 allexit
699 1991 820 2023 unicam
845 1992 1018 2025 altissimus
1044 2002 1203 2036 sponsam,

360 2036 458 2076 Quam
484 2038 580 2069 caelis
600 2037 725 2071 invexit
748 2047 807 2078 pro
832 2038 897 2071 fide
920 2040 1041 2079 pluries
1066 2044 1200 2077 tonsam.

299 2124 331 2157 5.
352 2121 473 2162 Rapuit
498 2125 676 2155 consortem
698 2123 864 2156 beatorum
889 2127 998 2157 coetus
1022 2125 1163 2167 iucundi,

359 2170 455 2209 Quam
480 2171 619 2210 gaudent
641 2180 701 2211 per
726 2173 858 2203 mortem
885 2172 1000 2205 vicisse
1024 2175 1128 2213 spolia
1150 2175 1272 2209 mundi.

242 2275 312 2303 Cod.
348 2275 584 2320 Ducumburgen.
618 2273 683 2303 211.
699 2315 705 2320 -
717 2277 770 2304 auf
799 2276 864 2304 clem
896 2277 1063 2312 Etnbande,
1099 2280 1194 2306 einem
1226 2280 1329 2317 fiagm.
1357 2281 1478 2320 Antiph.

165 2322 239 2341 saec.
262 2312 305 2341 15.
346 2313 533 2349 Antiphonen
553 2322 632 2342 eines
652 2314 896 2350 Reimofficiums,
923 2316 1168 2345 wahrscheinlich
1192 2319 1225 2346 in
1253 2317 1277 2346 1.
1297 2320 1396 2357 Vesp„
1423 2324 1480 2350 wie

165 2351 220 2379 das
240 2352 294 2379 auf
311 2352 358 2379 die
378 2350 405 2379 5.
426 2352 577 2388 Antiphon
594 2352 730 2389 folgende
751 2351 773 2380 R
793 2357 946 2382 vermuten
964 2354 1043 2383 laist.
