1653 2567
215 178 262 211 Ut
287 176 436 211 defensor
461 179 511 218 sit,
539 179 696 211 commisit

263 226 379 259 Curam
403 226 450 258 rei
474 227 637 266 publicae:

215 273 314 317 Vade,
339 274 450 314 inquit,
476 283 540 305 non
565 276 600 305 ut
623 274 729 313 iudex,

215 320 278 353 Sed
304 329 362 361 age
386 325 422 353 ut
445 320 599 360 pontifex.

143 369 182 403 V.
211 368 314 409 Apud
342 369 526 401 Dominum
555 378 681 410 gressus
713 368 768 399 ho-

214 416 342 448 minum
382 415 569 460 diriyentum
614 418 642 448 et
680 415 769 448 viam

216 463 283 496 etus
307 463 397 496 volet.

160 526 191 559 3.
216 524 433 557 Mediolanum
460 533 527 556 cum
554 525 703 564 venisset,

217 571 262 603 Et,
285 573 412 612 praesul
436 572 482 604 ibi
509 572 706 607 decessisset,

266 620 420 652 Convenit
449 625 555 652 coetus
578 620 688 659 populi

217 667 432 707 Quaeriturus,
459 667 527 706 quis
554 669 697 699 recturus

260 714 358 746 Esset
382 723 508 755 gregem
533 713 680 757 Domini3

218 760 281 793 Ubi
305 760 411 793 infans
436 761 637 793 Ambrosium

215 807 420 841 Praedicavit
445 809 646 848 episcopum3

143 856 182 888 V.
216 855 266 887 Ex
293 864 348 888 ore
372 855 542 888 infantium

264 901 433 935 Perfecisti
459 903 597 942 laudem,

216 948 300 981 Dum
324 954 468 982 sanctum
494 951 696 982 Ambrosium

262 998 383 1030 Fecisti
407 998 596 1037 praesulem.

273 1111 319 1142 In
345 1113 377 1144 2.
405 1111 641 1142 Nocturno.

356 1185 553 1221 Antiphonae.

159 1252 189 1284 1.
215 1251 368 1283 Dominus
392 1251 575 1284 mirificavit

215 1298 365 1330 Sanctum
390 1308 479 1331 suum
504 1300 718 1339 Ambrosium,

216 1346 313 1384 Quem
337 1346 489 1379 invictum
512 1346 651 1387 pugilem

215 1393 380 1425 Ecclesiae
407 1394 581 1434 deputavit.

160 1460 191 1491 2.
218 1459 390 1491 Exsultent
415 1461 543 1492 sanctae
567 1460 691 1492 animae

219 1507 254 1537 ln
281 1509 314 1538 te
336 1509 510 1548 sperantes,
538 1507 683 1548 Domine,

214 1554 294 1594 Quia
316 1554 399 1585 iusto
425 1554 587 1586 benedicis

214 1600 258 1632 Et
285 1601 452 1641 diligentes
480 1602 597 1642 diligis,

161 1669 190 1701 3.
219 1667 328 1700 Gloria
354 1670 385 1698 et
408 1668 527 1699 honore

217 1715 255 1746 In
281 1715 377 1747 caelis
403 1716 561 1746 coronasti

218 1761 263 1793 Et
286 1763 319 1794 in
344 1765 432 1793 terra
455 1762 633 1794 sublimasti

217 1810 419 1842 Ambrosium
446 1808 569 1841 decore.

353 1918 560 1953 Responsoria.

160 1987 189 2020 1,
215 1985 362 2018 Arrianis
389 1986 462 2017 dum
486 1985 630 2025 profanis

265 2033 358 2074 Pugil
383 2032 476 2065 fortis
502 2034 633 2071 resistit,

217 2080 393 2121 Jmpudtca,
418 2081 548 2113 inimica

265 2130 362 2170 Virgo
388 2129 491 2169 inquit

219 2176 384 2208 violentas
409 2180 442 2208 et
466 2180 614 2210 cruentas

264 2224 389 2267 Manus,
413 2233 504 2265 quam
522 2234 607 2257 mors
627 2226 773 2258 destruit.

145 2272 184 2305 V.
219 2270 329 2303 ,Nolite
360 2274 492 2313 tanyere
521 2272 655 2306 cho-istos
690 2283 774 2306 meos

771 81 816 117 48

218 2320 246 2350 et
287 2319 323 2350 in
357 2320 525 2360 prophetis
557 2321 638 2353 meis
677 2321 775 2353 nolite

216 2366 404 2407 malignari.

839 180 871 212 2.
898 178 977 211 Cum
1001 177 1125 210 Iustina
1151 178 1307 211 Arrianos

900 225 1018 258 Contra
1040 225 1102 257 Dei
1127 225 1280 257 famulum

944 273 1118 312 Plerosque
1143 274 1343 313 concitasset,

894 320 938 352 Et
963 321 1088 360 quidem
1112 320 1301 358 vehiculum,

896 368 940 400 Ui
961 376 1021 407 per
1045 368 1105 400 hoe
1128 369 1162 400 in
1187 369 1334 401 exsilium

943 414 1183 455 Deportaretur,
1210 418 1365 455 parasset,

896 462 985 494 Nutu
1008 462 1070 495 Dei
1092 463 1270 502 periculum

897 510 1046 542 Paratum
1074 512 1184 542 contra
1207 511 1387 550 proximum

896 558 934 589 In
959 566 994 588 se
1018 558 1141 597 recepit
1164 558 1304 591 noxium.

827 604 864 638 V.
894 605 1023 637 Lacum
1048 605 1177 644 aperuit
1201 608 1230 637 et
1252 604 1364 645 effodit
1380 614 1452 636 eum

897 654 925 684 eb
951 652 1070 684 incidit
1099 652 1138 683 in
1171 652 1316 694 foveam,
1352 662 1451 692 Quam

898 699 981 739 fecit.

862 781 868 786 .
898 756 1030 795 Quidam
1057 755 1236 788 haereticus

896 804 1085 842 Disputator
1110 803 1283 835 acerrimus

897 850 1067 883 Ambrosio
1093 850 1302 890 praedicante

898 897 987 929 Vidit
1011 898 1156 938 angelum
1181 898 1312 930 adstare

896 945 941 976 Et
964 946 1035 976 auri
1059 945 1127 976 eius
1153 946 1263 985 verba,

897 993 983 1031 Quae
1007 993 1223 1035 praedicabat,
1250 1001 1429 1033 suggerere.

826 1038 863 1071 V.
893 1039 1059 1072 Dominus
1066 1039 1289 1072 dabitverbum
1295 1039 1453 1081 evaozyeh'-

895 1086 1044 1119 nantibus
1068 1087 1186 1119 virtute
1208 1087 1322 1118 multa.

953 1181 999 1212 In
1035 1183 1066 1214 3.
1093 1180 1152 1213 No
1167 1184 1327 1214 cturno.

1040 1256 1236 1291 Antiphonae.

865 1340 872 1347 .
898 1314 961 1346 Hic
986 1312 1064 1347 fecit
1086 1314 1251 1354 iustitiam,

899 1361 1009 1394 Odivit
1032 1361 1196 1400 malitiam,

897 1409 1063 1448 Ingressus
1089 1409 1157 1440 sine
1181 1410 1306 1441 macula

896 1456 958 1488 Est
980 1455 1043 1487 Dei
1068 1456 1283 1488 tabernacula.

863 1539 870 1546 .
896 1513 934 1545 ln
960 1514 1055 1545 terris
1082 1516 1130 1544 est
1154 1512 1323 1546 redimitus

943 1559 1122 1600 Multigena
1145 1561 1263 1592 virtute

899 1607 940 1639 Et
964 1607 997 1638 in
1023 1607 1109 1639 caelo
1134 1607 1303 1648 insignitus

943 1655 1087 1687 Pretioso
1112 1655 1233 1696 lapide.

865 1736 870 1742 .
898 1711 1038 1744 Mundus
1065 1711 1171 1753 corde,
1198 1720 1297 1743 verax
1322 1721 1378 1743 ore

947 1757 1021 1790 Cum
1048 1758 1143 1790 turba
1166 1759 1380 1792 innocentium

897 1805 1083 1837 Delectatur
1108 1807 1189 1837 caeli
1211 1815 1285 1838 rore

947 1854 985 1885 In
1011 1856 1098 1884 terra
1121 1854 1306 1887 viventium.

1035 1929 1243 1961 Responsoria.

866 2011 874 2019 .
899 1986 1103 2027 Ingrediente
1128 1986 1346 2019 Mediolanum

899 2034 990 2066 Misit
1014 2034 1216 2073 arreptitium

901 2082 1053 2121 Daemon,
1083 2082 1141 2113 sed
1167 2082 1280 2122 evasit,

901 2128 1065 2162 Ambrosii
1089 2128 1193 2169 faciei,

902 2177 949 2210 Ut,
972 2180 1147 2209 castrorum
1173 2178 1266 2218 aciei,

904 2225 957 2257 Sic
979 2225 1098 2257 cedunt
1123 2226 1301 2261 daemonia.

863 2298 869 2304 .
902 2273 1138 2314 Eyredz'ebatw·
1186 2273 1337 2308 diabolus
1387 2279 1464 2309 ame

902 2321 997 2361 pedes
1036 2321 1124 2362 cius,
1162 2322 1248 2355 stetit
1281 2325 1310 2355 ct
1332 2333 1463 2358 mensus

905 2372 949 2402 est
967 2371 1099 2403 terram.
