1653 2567
136 255 166 288 1.

144 2029 162 2059 N>

646 116 693 122 --
742 96 811 132 232
859 115 902 119 —

330 196 536 232 Responsoria.

194 257 232 289 111
257 256 430 288 festivitate
453 253 514 285 hac
537 250 663 284 novella

196 304 309 337 Cordis
336 302 446 334 intimo
471 301 630 332 reseretur
653 297 745 337 cella,

194 351 320 383 Laudes
346 350 447 381 laetas
472 353 720 386 compromamus

196 398 314 437 Cyrillo
339 399 457 435 sancto,
484 402 575 435 quem
592 401 743 432 amamus,

193 444 237 477 Et
261 444 382 476 meritis
408 443 473 474 eius
497 441 679 483 gloriemur,

194 491 239 525 Ut
262 492 296 523 in
321 490 415 522 caelis
441 488 663 529 praemiemur.

158 562 164 568 -
195 539 348 571 Dominus
372 536 459 569 Deus
483 534 716 575 praeamandus

193 586 299 618 Ducat
321 594 379 616 nos
402 592 460 625 per
483 583 552 614 vias
577 584 690 622 rectas,

195 633 277 672 Quas
304 631 442 671 Cyrillus
466 628 664 661 venerandus

193 680 223 711 A
248 679 333 711 vitiis
360 686 485 719 gressus
512 679 558 708 est
573 674 746 715 perfectas.

198 736 253 769 Vir
277 735 356 768 miro
381 735 490 774 vigens
514 731 651 772 ingenio,

195 784 370 816 Laureatus
396 782 485 822 signo
514 779 679 820 doctorali,

194 831 345 863 Fratrum
360 829 458 861 vitam
472 836 531 867 pro
548 835 605 858 suo
618 825 747 858 modulo

196 877 433 916 Contemplatus
458 875 548 907 oculo
573 871 713 911 mentali,

192 924 400 957 Fraternitati
424 931 530 955 eomm
553 920 648 960 petiit
668 918 746 952 adu-

516 968 596 1008 nari,

194 1018 344 1051 Habitum
367 1015 565 1050 salutiferum

242 1065 394 1097 sincerius
418 1063 575 1104 cupiebat,

199 1114 229 1145 A
253 1112 416 1152 prophetis
440 1111 592 1143 traditum

244 1159 374 1191 devotus
398 1157 560 1190 induebat.

163 1241 169 1249 .
196 1217 234 1249 In
257 1215 391 1248 Carmeli
416 1213 586 1246 monticulo

242 1264 343 1295 Penes
367 1262 459 1294 Eliae
483 1260 618 1293 rivulum

289 1309 348 1341 Vir
371 1316 504 1349 magnae
530 1306 706 1339 sanctitatis

196 1357 344 1389 Fratrum
369 1356 450 1388 vixit
475 1355 630 1386 consortio

243 1404 350 1435 Tenue
373 1408 482 1434 tenens
508 1401 646 1434 edulium

291 1449 532 1490 Temporalibus
555 1448 723 1488 abdicatis,

197 1500 233 1531 ln
258 1500 363 1530 monte
388 1495 554 1529 fructifero

241 1546 379 1577 Roratae
404 1543 569 1581 ubertatis,

196 1594 233 1625 In
257 1593 326 1624 loco
351 1590 497 1632 florigero

246 1639 358 1672 Clarae
383 1637 592 1671 amoenitatis.

260 1715 308 1747 In
334 1716 365 1747 2.
393 1713 620 1746 Nocturno.

340 1779 534 1814 Antiphonae.

164 1854 170 1860 .
196 1829 293 1860 Pater
316 1829 442 1859 sanctus
466 1827 627 1859 invocavit

246 1874 347 1906 Deum
372 1875 404 1906 in
430 1875 567 1906 oratorio

199 1922 253 1961 Et,
273 1921 427 1962 quithuid
439 1921 551 1962 voluit,
567 1921 752 1961 impetravit

247 1970 285 2001 ln
309 1969 358 2000 sui
384 1969 488 2001 cordis
514 1969 651 2002 oraculo.

167 2051 174 2059 .
197 2026 294 2058 Mane
318 2025 351 2058 in
376 2025 470 2057 missa
493 2025 581 2057 Deus
606 2025 732 2058 astabat

248 2072 362 2105 Sancto
389 2073 508 2112 Cyrillo
535 2073 709 2115 pero1anti,

200 2121 375 2161 Malignum
401 2120 545 2160 spiritum
574 2119 731 2161 effugabat

248 2168 375 2200 Annulo
399 2167 483 2200 bono
507 2167 656 2200 radianti.

167 2252 173 2258 .
202 2225 226 2257 Ο
253 2233 343 2264 quam
369 2224 557 2257 admirabile

247 2272 333 2313 Opus
358 2272 444 2304 Deus
471 2272 709 2315 demonstravit,

198 2320 355 2353 Futurum
383 2320 570 2352 inevitabile

247 2367 412 2400 Ecclesiae
436 2368 601 2401 revelavit.

814 250 844 282 1.

805 532 842 565 V.

816 731 847 763 2.

803 965 839 997 V.

807 1446 844 1478 V.

1010 185 1218 223 Responsoria.

874 247 1022 287 Cyrinus,
1048 246 1099 278 vir
1123 243 1299 283 religiosus,

920 295 950 327 A
975 293 1092 325 mundo
1113 290 1258 324 resiliens

966 342 1017 374 Ac
1040 340 1108 372 Deo
1134 338 1296 378 religatus,

873 391 972 423 Totus
999 390 1104 420 exstat
1127 387 1296 427 virtuosus,

922 436 974 469 Ad
998 438 1150 467 montana
1172 432 1353 473 prosiliens,

969 482 1140 515 Carmelita
1164 479 1379 520 professatus3

872 530 1074 570 Paupertatis
1100 529 1289 561 documenta

922 578 968 611 Ut
990 576 1132 617 perfecte
1157 579 1319 608 teneamus

875 626 920 657 Et
947 625 1039 657 huius
1064 623 1175 655 mundi
1199 622 1428 658 blandimenta,

920 672 1007 714 Oret,
1031 674 1069 702 ut
1091 670 1239 703 vitamus.

874 730 912 761 In
939 728 1077 761 Carmeli
1101 726 1217 759 montis
1242 724 1382 757 alveario

921 776 988 808 Mel
1013 776 1097 815 sugit
1121 774 1190 815 apis
1214 773 1342 812 caelica,

874 823 959 855 Dum
982 824 1016 855 in
1041 823 1090 854 sui
1115 821 1222 854 cordis
1244 819 1381 853 armario

922 871 1042 904 Sonant
1067 872 1176 902 cantus
1202 866 1337 908 angelici

876 917 1042 956 Corporali
1067 917 1100 949 in
1127 915 1232 957 effigie
1260 914 1392 953 evocati,

874 965 921 997 Ob
947 964 1093 996 meritum
1118 963 1221 1003 patris
1245 962 1326 993 tanti

922 1012 1063 1045 Mentem
1096 1014 1238 1043 nostram
1266 1009 1433 1041 dulcorent

874 1059 920 1090 Et
943 1068 1001 1098 pro
1027 1058 1131 1098 gratia
1154 1057 1286 1098 spiritus
1306 1056 1410 1088 sancti

923 1105 1023 1138 Nobis
1048 1106 1230 1146 implorent.

875 1162 980 1203 Digne
1003 1161 1090 1194 Deus
1117 1161 1296 1202 designavit

921 1210 1039 1242 Locum
1064 1209 1305 1250 prophetarum,

876 1256 972 1295 Quem
1000 1256 1121 1296 Cyrillo
1147 1255 1328 1299 destinavit,

925 1304 1036 1337 Amico
1061 1312 1118 1335 suo
1145 1312 1228 1343 caro,

877 1351 921 1383 Ut
945 1351 1133 1391 prophetam
1159 1349 1353 1389 adfirmaret,

877 1399 936 1437 Qui
960 1402 1070 1430 nutum
1095 1398 1157 1431 Dei
1181 1397 1396 1438 praedicaret,

874 1447 937 1478 Per
958 1455 1069 1477 manus
1094 1445 1253 1486 angelicas

924 1492 1006 1525 Eum
1031 1493 1181 1537 visitavit,

876 1539 921 1571 Et
942 1539 1070 1572 tabulas
1096 1542 1262 1581 argenteas

927 1587 1069 1627 Scriptas
1094 1587 1322 1629 praesentavit.

940 1692 988 1725 In
1014 1693 1045 1726 3.
1071 1692 1301 1726 Nocturno.

1026 1766 1219 1803 Antiphonae.

846 1851 852 1858 .
879 1825 988 1858 Vitam
1015 1824 1132 1857 ducens
1157 1825 1357 1858 innocentem

929 1872 1068 1907 Carmeli
1091 1877 1231 1905 montem
1257 1873 1424 1917 habitavit,

881 1920 1036 1960 Spiritum
1058 1919 1127 1951 Deo
1151 1920 1372 1953 oboedientem

928 1968 982 2000 Ad
997 1967 1076 2000 caeli
1086 1967 1209 1999 culmen
1218 1969 1437 2011 translegavit.

885 2024 1041 2057 Coronam
1057 2024 1231 2065 pretiosam
1246 2024 1441 2066 presbyterii

927 2073 964 2104 In
991 2072 1097 2113 capite
1119 2072 1184 2104 eius
1210 2073 1355 2114 posuisti,

881 2118 966 2152 Dum
991 2128 1115 2152 sacrum
1142 2120 1312 2152 ministerii

930 2166 1152 2200 Confessorem
1177 2176 1248 2199 eum
1273 2168 1408 2209 elegisti.

848 2249 855 2256 .
882 2223 1039 2257 Doctrina
1064 2225 1130 2256 eius
1156 2224 1323 2256 salutifera

929 2272 1059 2305 Domini
1093 2275 1181 2305 terra
1206 2275 1312 2304 exstat
1335 2273 1441 2314 plena,

881 2319 965 2351 Dum
990 2319 1091 2354 verba
1115 2321 1185 2353 eius
1211 2322 1244 2351 et
1267 2328 1367 2360 opera

930 2367 1117 2401 Aedificant
1142 2367 1241 2401 corda
1265 2378 1388 2402 serena.
