1653 2567
677 130 939 165 —175—

210 220 241 253 A
266 223 419 262 terraque
449 224 590 256 elevatus
906 227 996 260 Haec
1020 227 1138 260 fratres
1166 227 1260 259 docet
1283 227 1389 260 omnia

262 268 320 301 Vir
350 269 483 303 devotus
508 271 661 318 intuetur,
905 275 985 307 Tam
1008 275 1101 308 factis
1127 284 1219 315 quam
1246 273 1398 308 facundia

312 316 410 355 Quem
447 318 564 350 donum
589 320 651 352 Dei
675 324 774 363 rorat,
950 321 1100 356 Melliflui
1124 322 1287 356 sermonis.

144 364 183 397 V·
214 363 285 396 Rex
310 363 469 397 Franfflae
491 366 668 401 admu'atus
849 383 878 414 5.
904 380 1055 413 Laudans
1079 380 1213 412 laudare
1237 380 1384 424 gaudeat,

265 411 371 444 Testis
398 412 491 445 huius
516 415 714 456 perhibetur,
902 428 941 460 In
966 428 1062 461 laude
1086 436 1213 468 semper
1237 428 1374 468 prodeat

311 459 352 491 111
377 461 571 500 stupendum
595 466 735 502 perorat.
951 475 1118 516 Seraphici
1144 475 1292 518 doctoris,

160 528 191 560 5.
217 524 431 567 Naufragium
457 528 531 560 dum
557 530 679 569 patiun-
905 523 978 555 Non
1002 525 1104 555 cesset
1127 529 1237 555 nostra
1260 523 1414 565 parvitas,

264 573 429 614 Navigans
454 576 516 608 iste
540 576 574 608 jn
598 577 680 610 mari
905 571 1005 610 Quam
1025 573 1116 604 tanta
1141 571 1221 603 ditet
1245 571 1398 602 sanctitas

307 621 458 655 Fratrum
489 623 635 656 minister
659 624 773 666 factus,
949 620 980 650 A
1006 618 1104 651 laude
1126 618 1312 651 conditoris,

216 670 417 713 Suffragium,
442 679 503 711 quo
528 672 650 711 petitur
1028 683 1073 712 Ad
1091 683 1277 712 Benedictus.

268 720 298 751 A
322 717 509 772 Fs‘ffnssi'seo,
523 719 696 764 SUbleVffl'ii
836 733 875 765 A.
908 733 932 765 Ο
959 733 1041 765 mira
1066 732 1303 775 contemplatio,

315 766 410 805 Caplt
434 766 528 799 undlss
554 768 714 807 subactus,
908 780 932 812 O
959 783 1070 812 sancta
1094 780 1259 812 meditatio

147 814 184 847 V.
217 814 313 846 Nunc
334 813 405 853 ipse
428 817 558 854 praesto
582 817 725 847 noscitur
952 828 1176 860 Bonaventura
1213 805 1330 859 lev'arjs

266 859 418 894 AdffiCfiS
444 861 597 902 OPiUllffl'i
952 876 988 908 In
1015 877 1137 918 Iesum,
1165 854 1257 915 q’uem
1283 876 1461 917 meditaris,

313 908 503 942 Sanctorum
517 913 641 942 coetum
652 913 776 944 nactus.
1000 924 1102 956 Prout
1126 922 1293 962 studujsfi3

908 970 958 1002 Tu
983 973 1134 1002 contuens
1160 979 1229 1002 cum
1254 978 1400 1002 maerore

954 1018 1050 1051 Illum
1072 1018 1106 1049 111
1132 1027 1225 1050 cruce
1249 1018 1398 1061 positum,

308 1061 355 1093 In
380 1062 618 1098 Laudibus,
908 1064 1087 1098 Ferventer
1108 1066 1205 1098 corde
1230 1067 1260 1097 et
1286 1074 1342 1097 ore

959 1112 1116 1152 Operibus
1144 1112 1344 1145 dulcedinem

366 1137 564 1174 Annphonae.
1000 1160 1082 1192 Fers
1111 1161 1278 1201 plagarum
1304 1159 1441 1204 Christi3

165 1209 195 1241 1.
222 1208 451 1240 Bonaventura
474 1206 615 1247 praeviis
909 1207 958 1239 Tu
983 1208 1084 1249 nobis,
1112 1211 1214 1252 pater,
1239 1207 1383 1251 provide,

219 1254 455 1295 Theologorum
477 1254 592 1286 studiis
958 1255 1014 1294 Qui
1030 1263 1088 1296 per
1096 1255 1286 1288 huncimum
1294 1256 1465 1287 transitum

267 1302 456 1335 Sublimiter
480 1302 665 1346 instructus,
908 1302 1022 1334 Dulcis
1050 1301 1169 1335 Christi
1195 1306 1227 1335 et
1251 1303 1359 1335 vivide

219 1352 292 1383 Non
318 1350 421 1382 solum
448 1358 501 1382 eas
526 1352 656 1390 metere,
960 1351 1115 1390 Passique
1139 1350 1341 1383 altitudinem

220 1399 285 1433 Sed
311 1398 441 1438 scriptis
468 1397 590 1430 cunctis
615 1405 769 1438 spargere
1006 1398 1138 1438 Semper
1164 1398 1386 1438 praetendisti.

265 1446 344 1479 Vult
367 1446 430 1478 Dei
455 1445 523 1478 zelo
551 1445 675 1479 ductus.

162 1516 193 1547 2.
221 1514 343 1546 Doctor
367 1512 471 1552 plebis
498 1512 671 1553 angelicus,
973 1485 1020 1517 In
1049 1486 1081 1517 2·
1109 1484 1326 1525 vesperis·

219 1563 330 1603 Fama,
357 1560 425 1592 vita
441 1558 594 1592 mirificus
1026 1549 1073 1578 Ad
1092 1549 1273 1586 Magnificat.

265 1608 323 1641 Fit
346 1608 468 1639 cunctis
493 1607 526 1638 in
555 1607 726 1649 dulcorem,
839 1600 878 1631 A·
914 1599 939 1632 Ο
966 1599 1069 1652 Virum,
1095 1599 1304 1652 §pectabflem

222 1658 328 1697 Supra
353 1664 388 1687 se
413 1663 510 1696 saepe
535 1655 671 1698 rapitur,
957 1647 1121 1679 Doctrims
1148 1649 1180 1678 et
1204 1647 1356 1689 scientiis,

221 1705 360 1738 Tantum
385 1706 497 1735 nostra
522 1703 727 1743 prosequitur
957 1694 1144 1735 Languores
1170 1693 1334 1727 beneficiis

266 1752 388 1785 Militia
418 1752 593 1785 ductorem.
1009 1742 1174 1783 Quoslibet
1198 1742 1380 1786 pellentem,

959 1790 1026 1822 Dat
1049 1790 1157 1823 verbis
1184 1791 1306 1823 cunctis
1326 1790 1468 1823 divinum

959 1838 1120 1879 Spargens
1146 1847 1253 1870 semen
1279 1839 1433 1870 seminum

1009 1886 1148 1919 Pascens
1172 1886 1410 1929 intendentem;

913 1935 938 1968 Ο
966 1935 1033 1966 vita
1057 1934 1262 1977 laudabilem,

958 1982 1026 2022 Qua
1051 1981 1213 2016 Christum
1237 1982 1283 2015 sic
1307 1981 1468 2026 mirificat,

959 2030 1024 2063 Sed
1048 2033 1080 2062 et
1106 2030 1216 2062 doctos
1241 2029 1425 2070 magnificat

1008 2078 1118 2110 Etiam
1145 2077 1324 2116 defunctus,

160 1820 191 1852 3.
217 1819 298 1851 Tres
328 1818 459 1850 ordines
485 1818 538 1850 1110
562 1818 684 1860 habuit,

218 1868 348 1900 Primus
373 1866 532 1907 generalis
557 1865 620 1898 fuit

268 1914 442 1956 Minorum,
467 1915 690 1956 praesulisque

219 1963 276 1996 Fit
301 1963 480 1995 animarum
505 1963 641 2005 medius,

219 2011 447 2045 Cardinalatus
473 2011 598 2052 tertius,

265 2059 475 2093 Humillimus
499 2059 630 2099 ubique.

159 2130 192 2162 4.
219 2129 342 2161 Doctus
370 2126 481 2159 divina
504 2126 618 2168 gratia,
961 2125 1077 2158 Faciat
1099 2135 1157 2158 nos
1181 2126 1216 2158 111
1240 2126 1411 2158 terminum

215 2176 338 2209 Doctus
364 2183 444 2215 prae
471 2174 647 2216 diligentia,
963 2174 1084 2207 Videre
1108 2176 1233 2214 patrem
1258 2174 1420 2218 luminum,

265 2225 353 2264 Quae
377 2225 452 2255 sunt
479 2222 667 2265 devotionis,
1008 2221 1066 2255 Gui
1092 2224 1141 2254 est
1166 2223 1362 2255 coniunctus.

223 2282 365 2310 Noctum.
393 2288 446 2308 ms.
473 2279 662 2308 Franciscan.
701 2287 777 2307 saec.
809 2278 852 2308 15.
882 2288 926 2307 ex.
982 2278 1050 2306 God.
1077 2279 1249 2315 Lugdunen.
1278 2276 1344 2306 476.
1371 2279 1407 2307 A.
1435 2294 1471 2299 -

144 2320 237 2356 Antip
237 2320 266 2347 h.
294 2328 347 2348 ms.
376 2319 567 2347 Franciscan.
593 2319 718 2346 Hibern.
744 2326 820 2345 saec.
844 2317 888 2346 15.
911 2326 953 2345 ex.
992 2316 1061 2345 Cod.
1088 2316 1214 2354 Collegit
1240 2316 1292 2346 SS.
1313 2318 1469 2347 Trinitatis

143 2359 305 2387 Dublinen.
338 2359 362 2386 Β
392 2355 416 2385 1.
446 2356 472 2384 2.
498 2357 531 2385 B.
558 2371 597 2376 —
620 2357 664 2384 In
697 2354 721 2383 1.
748 2357 855 2385 Noct.
880 2354 900 2382 Β
927 2355 958 2390 2,
978 2354 996 2383 2
1027 2356 1094 2384 Lies
1121 2356 1216 2384 Natus
1244 2357 1337 2393 puer?
1365 2372 1402 2376 —
1427 2358 1470 2385 In

144 2396 170 2425 2.
191 2398 295 2426 Noct.
318 2394 340 2423 Α
362 2394 389 2433 3,
410 2394 428 2423 2
447 2396 501 2424 fiat
521 2395 611 2423 odore
629 2395 666 2423 A.
687 2409 725 2413 —
744 2395 784 2423 In
804 2393 832 2423 3.
845 2396 951 2424 Noct.
973 2393 995 2421 Α
1013 2392 1040 2429 3,
1057 2393 1071 2423 1
1095 2394 1303 2424 PosthaecA.
1317 2410 1355 2414 —-
1373 2394 1435 2428 Β]
1455 2394 1469 2425 1

142 2437 315 2465 refraenans
335 2433 371 2463 L.
390 2451 428 2455 —
449 2436 508 2463 Die
529 2432 576 2460 ΒΒ
596 2432 617 2461 4
635 2433 697 2462 und.
719 2431 747 2469 5,
768 2434 847 2462 wohl
867 2434 943 2463 auch
962 2431 990 2468 3,
1010 2433 1078 2462 sind
1098 2435 1331 2472 extravagantia.
