1655 2568
744 124 908 159 —281
961 144 1008 148 —

253 244 261 251 .
287 219 433 259 Tyranni
456 219 593 259 imperio

288 266 365 299 Cum
392 266 547 299 Erasmus
573 268 681 308 gladio

333 314 549 353 Triumphans
574 314 693 359 finitur,

286 361 380 394 Omni
407 360 521 401 dignus
546 362 649 402 gloria

286 410 324 442 In
352 409 484 441 caelesti
511 409 599 440 curia

334 456 462 489 Gaudio
487 456 629 497 potitur3

243 530 251 538 .
282 504 411 537 Victrix
436 504 524 536 ridet
548 505 677 549 veritas,

282 554 368 586 Dum
395 550 528 584 confusa
553 555 584 583 et
607 552 719 585 delusa

283 600 382 641 Regis
407 601 497 640 luget
521 598 646 635 feritas.

375 744 421 776 In
447 742 683 775 Laudibus.

431 827 542 863 Antiph
547 836 631 855 onae.

251 934 258 940 .
283 906 435 947 Regnans
459 905 548 937 Deus
573 905 680 936 induit

332 954 503 986 Erasmum
531 953 656 992 decore,

284 1001 367 1033 Nam
394 1002 426 1033 in
448 1001 568 1033 mundo
595 1000 711 1031 claruit,

331 1048 494 1082 Praesulis
520 1049 651 1080 honore.

247 1154 254 1160 ,
283 1127 361 1160 Cum
387 1126 523 1158 Erasmo
549 1124 685 1155 Domino

326 1174 401 1206 Una
424 1171 605 1211 iubilemus,

281 1222 371 1255 Caeli
392 1220 493 1252 sancti
517 1219 653 1251 termino

330 1270 476 1309 Regnum
500 1271 537 1298 ut
560 1268 726 1298 intremus.

241 1373 248 1380 .
276 1346 406 1386 Sprevit
430 1343 648 1375 transitoriam

326 1393 481 1425 Erasmus
504 1391 650 1428 salutem,

278 1441 327 1474 Ut
352 1441 478 1473 videret
502 1438 635 1479 gloriam

327 1488 389 1521 Dei
416 1490 449 1518 et
472 1486 635 1519 virtutem.

244 1594 251 1600 ‚
277 1565 342 1598 Hic
368 1573 439 1596 cum
465 1562 687 1595 sacerdotibus

327 1611 454 1646 Sanctis
479 1610 642 1642 benedicit

280 1661 385 1694 Deum
410 1661 444 1692 in
471 1659 672 1697 caelestibus,

331 1707 486 1741 Mundum
516 1708 592 1747 quia
615 1707 704 1739 vicit.

247 1811 255 1819 .
281 1786 451 1818 Erasmum
479 1783 632 1816 divinitus

330 1834 508 1867 Foventem
532 1832 565 1863 in
592 1831 670 1862 zelis

281 1882 392 1915 Omnis
413 1880 524 1913 laudet
550 1879 684 1919 spiritus

324 1930 496 1962 Dominum
523 1928 564 1960 de
587 1927 694 1960 caelis.

395 2024 442 2053 Ad
462 2023 649 2051 Benedictus.

242 2112 249 2119 .
281 2084 398 2118 cordis
423 2082 524 2114 nostri
548 2082 620 2113 lora
644 2081 765 2121 spasmi

325 2133 411 2175 Iesu,
440 2130 543 2162 dulcis
568 2129 716 2169 Domine,

276 2180 369 2213 Sacri
396 2178 536 2212 dissolve
560 2177 691 2210 Erasmi

320 2228 446 2261 Devoto
473 2226 625 2268 oramine⁷

272 2277 325 2310 Ne
349 2279 387 2308 ut
410 2277 549 2308 noctuae
575 2282 717 2305 erremus

323 2323 441 2358 Mortis
467 2323 500 2355 in
528 2322 674 2364 caligine,

273 2373 338 2406 Sed
363 2376 400 2405 ut
424 2371 551 2411 aquilae
575 2379 705 2402 ovemus

321 2421 417 2453 Vitae
441 2428 539 2452 verae
564 2419 693 2450 lumine.

1092 219 1173 252 Per
1195 219 1350 252 Horas.

1118 294 1164 321 Ad
1185 294 1323 321 Primam.

938 389 945 396 .
977 363 1076 395 Morti
1101 370 1137 393 se
1161 361 1318 401 impendit.
1342 362 1404 393 iste

977 411 1039 443 Pro
1060 418 1168 442 amore
1193 411 1258 449 tuo,
1285 409 1425 450 Christe,

1024 459 1101 490 Plus
1126 466 1220 497 quam
1249 456 1290 488 ad
1318 458 1482 490 conviviao

1023 506 1144 537 Volans
1170 504 1214 536 ad
1239 505 1408 544 supplicia.

1114 598 1161 626 Ad
1180 599 1320 626 Tertiam.

937 684 943 691 .
975 658 1129 690 Erasmus
1154 657 1186 689 vi
1212 657 1320 696 rapuit

1024 706 1153 739 Caelum
1181 705 1294 744 dignus
1319 704 1400 746 Deo,

976 753 1155 785 Poenarum
1180 752 1241 784 hoc
1265 754 1382 785 meruit

1022 800 1144 841 Insigni
1168 800 1336 840 trophaeo,

1123 893 1169 921 Ad
1189 893 1319 921 Sextam.

937 978 944 985 .
975 953 1025 985 De
1049 953 1169 985 virtute
1192 951 1309 993 iugiter

1021 1000 1096 1033 Ibat
1119 999 1162 1030 ad
1188 999 1338 1031 virtutem

974 1048 1129 1079 Erasmus
1155 1045 1293 1078 feliciter

1022 1094 1193 1127 Lucrando
1219 1094 1366 1129 salutem.

1119 1187 1166 1214 Ad
1185 1188 1309 1216 Nonam.

934 1274 942 1281 .
976 1246 1105 1279 Erasmi
1129 1247 1313 1284 praesentia

1019 1294 1142 1326 Fructu
1167 1294 1352 1325 meritorum

974 1341 1153 1374 Cumulavit
1178 1341 1296 1380 gaudia

1019 1389 1138 1421 Incolis
1163 1389 1320 1427 polorum.

1037 1535 1084 1566 In
1111 1534 1142 1564 2.
1168 1532 1389 1572 vesperis.

1091 1617 1136 1646 Ad
1155 1617 1337 1653 Mag-nificat.

933 1725 940 1732 .
972 1697 1106 1729 Erasmo
1132 1695 1328 1727 conjubilant

1022 1745 1122 1777 Astra
1145 1745 1311 1782 matutina,

973 1792 1068 1825 Cuius
1094 1795 1185 1833 gesta
1209 1792 1344 1824 rutilant

1018 1841 1110 1873 Hora
1135 1840 1328 1880 vespertina,

969 1889 1106 1922 Erasmo
1131 1888 1290 1928 sagacitas

1017 1937 1103 1969 Data
1128 1936 1313 1976 serpentina

970 1986 1002 2017 A
1027 1985 1096 2018 Deo
1120 1984 1311 2024 simplicitas

1017 2033 1079 2065 Est
1104 2035 1135 2062 et
1161 2032 1351 2064 columbina.

968 2081 1197 2113 Blandimenta
1222 2080 1333 2119 spuria

1015 2129 1170 2161 Erasmus
1196 2128 1378 2167 spernendo

968 2176 1115 2217 Superna
1139 2175 1264 2215 palatia

1016 2225 1109 2258 Subit
1133 2224 1297 2264 patiendo,

967 2273 1138 2305 Excedens
1165 2275 1310 2303 aromata

1017 2321 1124 2354 Odore
1153 2319 1291 2362 virtutis,

968 2369 1089 2409 Migrat
1114 2368 1156 2399 ad
1182 2368 1343 2409 agalmata

1016 2418 1178 2449 Aeternae
1203 2416 1325 2451 salutis,
