1653 2567
690 85 925 121 -47..-

200 177 296 223 ΙΟῆἰο.
326 188 377 207 ms.
408 180 582 217 Augustaua
612 190 688 210 saec.
717 180 761 210 15.
805 181 873 210 Ood.
896 181 1063 217 Sanganen.
1092 179 1157 210 386.
1179 197 1216 202 —-
1235 182 1277 209 In
1304 180 1329 209 1.
1350 181 1457 217 Vesp-

136 213 167 248 Β,
190 215 206 243 (2
229 217 426 253 Recauigens.
440 231 478 237 —-
500 219 554 246 Aci
566 220 643 247 Mat,
651 223 696 247 ut.
716 221 799 248 Iuvit,
815 219 844 248 4.
864 219 1056 249 Glorificavit.
1070 233 1106 238 —
1125 220 1167 247 In
1190 218 1214 246 1.
1229 220 1331 247 Noct.
1348 218 1368 244 Β
1391 217 1416 254 1,
1437 216 1455 247 5

133 254 185 281 sed
214 255 371 291 subigeret.
394 269 429 274 —-
454 254 474 282 Β
501 255 531 293 2,
558 255 576 285 5
601 258 708 286 nitens.
729 272 768 276 —-
796 258 838 286 1n
859 256 885 286 2.
907 258 1010 286 Noct.
1033 256 1055 283 Α
1077 255 1103 291 2,
1125 255 1143 284 2
1163 259 1257 285 morte
1277 260 1398 293 pestem.
1419 271 1456 276 —-

136 290 157 318 Β
181 290 207 325 1,
228 290 246 318 2
266 292 415 337 Arriantis
437 294 633 331 impugnator.
659 310 698 316 -ν
723 295 743 322 Β
767 294 790 331 1,
813 294 831 324 3
851 296 990 324 Resistet.
1011 310 1050 315 —
1077 292 1098 321 Β
1119 293 1145 326 3,
1167 294 1184 323 5
1205 303 1267 323 sua.
1290 310 1326 314 -—
1349 293 1369 321 Β
1391 292 1417 329 3,
1440 293 1457 323 6

133 330 319 376 ‹ic-cantandi.
340 346 379 351 ——
397 332 440 359 In
461 330 488 360 3.
508 332 610 360 Noct.
632 331 655 359 Α
675 332 703 367 2,
724 332 742 362 3
763 334 919 362 solventes.
941 349 978 354 ——
1001 333 1023 360 Α
1038 331 1063 369 3,
1082 332 1102 361 4
1121 334 1204 362 Lies:
1227 333 1404 362 damnatus?
1419 347 1456 352 —-

135 367 155 413 Β
177 366 208 403 3,
228 367 256 413 „4
274 369 358 413 Neqi·
379 384 417 389 -—
436 369 477 398 In
496 370 609 397 Laud·
631 369 654 397 Α
675 370 708 405 4,
734 370 752 401 3
774 373 858 400 Liesz
879 373 1020 408 Rapitur,
1050 372 1200 409 operitur?
1221 386 1258 391 -
1284 370 1305 398 Α
1326 371 1359 407 4,
1379 371 1399 399 4
1428 373 1458 399 et

139 415 204 434 mos
224 408 357 451 inti-awt.
378 423 415 427 -
437 407 456 433 Α
478 406 496 435 5
516 408 598 436 fehlt.
618 424 657 429 —·-
675 409 722 437 Ad
743 410 852 438 Bened.
874 411 902 444 Α,
920 408 955 437 12
970 411 1055 439 Lies:
1076 411 1234 438 extaticum
1250 410 1457 445 odei-heptati-

134 445 221 472 cum?
241 460 280 465 —-
301 445 377 473 1b1d.
399 443 444 474 14.
465 446 550 474 Fecit
570 448 600 475 et
619 447 801 483 angelorum.
822 462 860 467 —-
880 449 952 476 Zum
974 447 1107 477 Officium
1128 449 1233 484 gehfirt
1252 448 1302 476 der
1320 448 1458 482 Hymnus

134 484 286 519 Agnoscat
312 491 398 512 omne
418 485 569 512 saeculum
589 483 687 519 (Anal.
709 486 821 519 XXIII,
845 484 916 521 113).

567 615 608 648 15.
639 615 683 648 De
704 618 812 648 saneto
833 616 1004 648 Ambrosio.

276 695 321 728 In
350 694 380 729 1.
409 695 630 735 VesperiS.

342 790 540 827 Antiphonae.

147 859 178 892 1.
206 859 370 891 Vernante
395 859 480 891 veris
506 861 651 898 tempore

203 907 310 938 Adest
335 905 450 938 festum
478 907 641 944 ecclesiae,

203 955 238 986 In
265 956 367 986 morte
393 963 455 994 qua
479 953 669 986 Ambrosius

205 1001 399 1042 Triumphat
425 1001 610 1042 vigorosius.

145 1080 177 1112 2.
205 1078 395 1111 Ambrosius
422 1082 471 1110 est
497 1081 639 1118 vocatam,

203 1127 284 1166 Quia
309 1126 410 1158 bonus
436 1126 517 1157 odor
542 1125 662 1158 Christi

204 1174 278 1206 Fuit
305 1177 335 1205 et
360 1173 394 1205 in
421 1173 516 1205 caelis
544 1172 615 1204 sisti

203 1221 324 1253 Meruit
348 1221 471 1254 beatus

145 1299 176 1331 3.
203 1298 378 1331 Doctrinae
403 1297 646 1339 suaviloquium,

203 1346 284 1378 Eius
311 1354 457 1386 magnum
484 1345 644 1385 ingenium

202 1394 345 1426 Examen
373 1402 468 1433 apum
496 1393 686 1434 designavit,

201 1442 284 1473 Dum
310 1442 343 1474 in
368 1442 467 1473 altum
494 1440 642 1473 evolavit.

144 1521 176 1550 4.
203 1518 253 1550 Ex
280 1520 430 1558 quattuor
453 1516 637 1557 praecipuis

202 1565 398 1597 Doctoribus
424 1565 578 1597 ecclesiae

204 1613 267 1645 Hic
293 1613 383 1652 prior
409 1612 500 1644 fulsit
525 1615 670 1652 tempore

207 1660 414 1701 Dogmatibus
439 1659 601 1701 proficuis.

146 1740 177 1771 5.
205 1738 326 1770 Romae
350 1737 484 1769 studens
508 1740 639 1768 strenue

252 1786 438 1826 Scripturas
464 1784 648 1823 ruminavit,

204 1834 438 1875 Oppressorum
463 1833 636 1873 splendide

252 1884 371 1915 Causas
397 1881 615 1922 praeornavit.

321 1986 367 2015 Ad
387 1985 569 2024 Magnificat.

129 2059 169 2091 Α.
201 2055 393 2097 Magnificat
416 2055 587 2087 Dominum

248 2104 404 2138 Esuriens
427 2102 583 2135 iustitiam

201 2153 403 2191 Ambrosius,
434 2151 506 2183 dum
535 2151 695 2183 hominum

253 2201 371 2233 Erudit
396 2199 601 2240 imperitiam,

248 2249 438 2283 Esurientes
464 2247 570 2288 replet
595 2246 686 2279 bonis

202 2297 349 2339 Scriptis,
379 2296 485 2336 dictis,
511 2295 665 2332 moribus,

202 2346 280 2381 Cum
303 2345 449 2386 paradisi
475 2342 607 2376 floribus

249 2393 338 2426 Caeli
363 2392 487 2432 potitur
513 2391 615 2425 donis

839 1423 869 1456 'tia'

958 697 1021 728 Ad
1045 697 1318 729 Matutinum.

1034 772 1252 800 Invstatoriurn.

898 830 1123 864 Collaudemus
1151 830 1310 863 Christum
1337 838 1443 869 regem

947 878 1061 911 cordis
1087 887 1158 910 cum
1184 878 1337 918 tripudio,

897 926 957 965 Qui
985 926 1130 958 declarat
1153 927 1240 958 vitae
1264 927 1368 966 legem

945 973 1121 1005 Doctorum
1146 982 1223 1006 vero
1249 973 1365 1006 studio.

952 1089 999 1120 In
1031 1088 1060 1120 1.
1088 1087 1328 1120 Nocturna

1036 1162 1234 1199 Antiphonae.

860 1247 866 1254 .
895 1220 1085 1253 Ambrosius
1111 1220 1163 1252 hic
1187 1221 1304 1260 iugiter

895 1268 1013 1310 Legem
1038 1268 1099 1301 Dei
1123 1269 1307 1301 meditatur.

896 1318 1073 1349 Veritatem
1098 1317 1333 1356 contemplatur

894 1365 932 1397 In
961 1366 1049 1398 caelo
1078 1366 1246 1405 copiosius.

896 1423 935 1454 In
962 1423 1077 1454 timore
1101 1421 1195 1454 filiali

947 1470 1079 1502 Domino
1105 1470 1239 1502 servivit

896 1517 939 1549 Et
963 1518 1096 1549 inventa
1121 1518 1188 1550 doli
1211 1517 1289 1549 mali

942 1564 1115 1597 Daemonis
1141 1564 1301 1597 contrivit.

862 1647 869 1654 .
897 1622 1077 1654 Devotione
1102 1621 1270 1661 praeditus

945 1668 1099 1707 Salutem,
1125 1678 1217 1709 quam
1244 1667 1380 1708 optavit,

897 1717 1040 1750 Orationi
1068 1717 1196 1749 deditus

942 1765 1051 1805 Ipsam
1077 1765 1273 1805 impetravit.

1034 1842 1243 1878 Responsoria.

863 1924 869 1930 .
896 1898 1025 1931 Summo
1050 1900 1233 1932 sacerdotio

895 1946 938 1979 Se
963 1948 1093 1988 <iignum
1122 1947 1318 1980 destinatum

943 1995 1132 2027 Ambrosius
1158 1995 1332 2037 praevidit,

897 2042 975 2075 Cum
1001 2043 1102 2075 osculi
1127 2042 1233 2075 officio

900 2091 1055 2126 Puerulus
1082 2094 1187 2123 aetate

945 2138 1054 2171 Sorori
1080 2148 1205 2171 manum
1231 2137 1387 2179 porrigit;

894 2187 1029 2227 Beatus,
1038 2196 1133 2228 quem
1145 2186 1264 2228 eleffl'stz'
1275 2189 1302 2217 et
1311 2194 1419 2218 assum
1418 2196 1442 2227 p

894 2235 977 2273 sisti,
1004 2235 1204 2268 inhabitabit
1216 2235 1255 2268 in
1272 2233 1366 2267 atriis
1383 2236 1458 2275 tuis,

895 2283 1048 2317 Domine.

860 2367 866 2372 .
892 2341 1075 2382 Imperator
1099 2342 1184 2374 hunc
1209 2343 1387 2376 transmisit

941 2389 1093 2432 Liguriae
1118 2390 1285 2432 Aemiliae,
