1653 2567
738 117 994 153 —215-

223 213 255 245 5.
282 212 336 244 Ad
360 212 557 245 laudandum
586 213 664 246 caeli
690 224 794 255 regem
967 214 1016 247 Ut
1041 215 1146 247 datum
1173 213 1369 256 pauperibus

282 259 494 292 Cohortemur
518 266 661 294 nostrum
686 271 825 306 gregem,
968 262 1111 303 Regnum
1136 262 1169 293 in
1196 260 1385 293 caelestibus

328 307 476 340 Clament
501 309 607 340 cordis
633 310 777 354 gemitus,
1017 310 1179 343 Possimus
1205 308 1335 342 habere.

275 355 323 387 Te
349 355 502 387 bonorum
529 360 716 400 creatorem,

276 402 324 434 Te
349 402 502 434 donorum
528 403 715 444 largitorem

327 449 456 482 Laudet
481 451 582 482 omnis
608 451 753 491 spiritus.
1035 464 1080 495 1„
1109 463 1140 494 2·
1167 461 1383 501 Vesperi&

390 516 435 543 Ad
456 516 643 544 Benedictus.

201 565 242 598 A.
274 565 469 597 Benedictus
494 565 601 597 oriens
1081 565 1127 593 Ad
1147 564 1327 602 Magnificat.

322 613 426 645 Dator
449 621 545 645 verae
569 613 661 653 lucis,

274 660 335 699 Qui
360 669 422 701 pro
446 660 540 692 nobis
564 661 705 693 moriens
893 654 933 685 A.
968 652 1066 685 Suum
1091 653 1235 692 suscepit
1254 661 1388 694 puerum

326 707 477 742 Cruciatu
504 709 607 740 crucis
1016 701 1140 733 Memor
1165 700 1407 732 misericordiae

278 755 389 788 Caenis
415 756 526 788 lumen
553 756 669 799 attulit,
966 749 1063 781 Pater
1087 750 1161 789 post
1185 748 1285 780 verba
1309 748 1490 789 verberum,

322 803 476 835 Baculum
504 804 642 838 caducis,
1015 796 1104 829 Sicut
1128 795 1169 827 ad
1195 798 1305 836 patres
1328 796 1454 837 patriae

278 851 303 884 Ο
329 860 387 884 rex
413 852 504 892 regni
530 852 661 892 gloriae,
968 845 1190 880 Praedixerat,
1217 844 1264 874 sic
1289 843 1385 875 hodie

277 899 336 938 Qui
363 900 534 932 Claudium
559 900 656 931 hodie
966 891 1137 923 Transfert
1162 891 1204 922 ad
1229 893 1376 923 thronum
1403 892 1525 931 gloriae

322 947 376 979 Ad
402 956 533 988 regnum
560 946 698 990 reduciS‚
1013 939 1147 972 Suorum
1172 943 1298 978 patrem
1323 948 1510 979 pauperum,

274 994 342 1026 Fac
368 1004 425 1026 nos
453 995 519 1026 eius
545 995 695 1035 precibus
967 986 1066 1025 Quem
1091 986 1173 1018 sicut
1199 995 1312 1017 venam
1338 987 1449 1018 veniae

274 1041 355 1073 Tam
381 1043 474 1082 votis,
502 1052 596 1083 quam
621 1041 752 1075 vocibus
1016 1034 1187 1074 RogamuS,
1214 1036 1250 1064 ut
1274 1034 1305 1065 in
1331 1037 1493 1074 posterum

323 1089 377 1122 Sic
402 1090 462 1122 tibi
486 1091 626 1130 placere,
967 1081 1071 1114 Simus
1098 1081 1126 1113 ei
1152 1081 1331 1114 memoriae.

282 1165 366 1192 Brev.
388 1174 440 1193 ms.
463 1165 492 1192 S.
512 1166 633 1194 Nicolai
653 1165 813 1192 Divionen.
835 1173 912 1192 saec.
936 1163 979 1193 15.
1022 1165 1091 1193 Cod.
1114 1165 1239 1193 Parisin.
1260 1166 1355 1193 Nouv.
1376 1174 1439 1203 acq.
1459 1164 1524 1194 402.

202 1203 238 1230 A.
263 1217 301 1221 ——
335 1203 403 1230 Cod.
432 1204 559 1231 Parisin.
587 1201 652 1231 915.
684 1211 759 1230 saec.
788 1202 831 1230 15.
875 1201 967 1239 [„Iste
987 1204 1064 1231 liber
1090 1206 1135 1231 est
1158 1204 1333 1231 confratriae
1361 1206 1525 1232 beatissimi

211 1241 329 1268 Claudii
359 1242 577 1269 Bisuntinensis
611 1241 841 1276 archiepiscopi,
872 1242 1007 1269 Pal-isius
1037 1243 1067 1269 in
1100 1242 1222 1269 *eclesia
1247 1244 1340 1269 sancti
1368 1243 1469 1270 Iacobi
1489 1243 1524 1270 de

201 1279 354 1315 Hospitali
381 1280 522 1307 fundatae
548 1288 600 1307 seu
627 1277 820 1316 ordinatae.“]
846 1280 879 1306 B.
901 1294 937 1299 —
957 1281 1042 1307 Brev.
1071 1288 1123 1307 ms.
1153 1280 1181 1307 S.
1209 1280 1353 1307 Adeodati
1379 1289 1454 1308 saec.
1481 1279 1525 1308 16.

203 1315 275 1344 Clm.
295 1318 449 1345 Monacen.
477 1316 585 1345 10909.
608 1318 639 1346 C.
653 1332 693 1335 —
707 1318 790 1344 Brev.
813 1326 865 1345 ms.
886 1318 1085 1354 Lugdunense
1105 1326 1181 1345 saec-
1205 1316 1248 1345 14.
1285 1319 1354 1346 Cod.
1370 1319 1525 1346 Gratianw

201 1355 325 1391 politan.
351 1353 414 1383 135.
435 1356 473 1384 D.
489 1371 525 1375 —
540 1357 625 1384 Brev.
647 1364 700 1384 ms.
721 1356 912 1383 Bisuntinum
932 1365 1008 1384 saec.
1032 1354 1076 1384 15.
1112 1356 1181 1383 Cod.
1203 1354 1351 1383 Bisuntin.
1374 1355 1419 1385 69.
1440 1357 1526 1384 E.—

203 1393 291 1421 Brev.
313 1403 365 1421 ms.
389 1394 579 1422 Bisuntinum
600 1402 675 1422 saec.
694 1392 737 1421 15.
773 1394 843 1421 Cod.
864 1394 942 1421 Bibl.
962 1394 1098 1431 Archiep.
1120 1394 1239 1421 Remen.
1256 1403 1277 1420 τ.
1293 1404 1321 1421 n.
1339 1396 1370 1422 Ε.
1387 1412 1423 1415 -
1437 1395 1524 1423 Brev.

202 1432 422 1460 Audomareuse
450 1434 520 1468 imp.
541 1433 666 1460 Parisiis
691 1429 772 1459 1518.
795 1432 828 1460 G.
854 1448 891 1452 —
918 1433 1003 1460 BreV.
1026 1432 1054 1460 S.
1077 1433 1219 1461 liei-nardi
1241 1434 1270 1459 in
1293 1433 1435 1460 Romanis
1455 1435 1525 1469 imp.

201 1471 233 1496 in
255 1471 398 1498 Romanis
421 1469 503 1498 1518.
523 1472 562 1499 H.
578 1487 615 1491 —
632 1472 717 1499 Brev.
739 1470 930 1498 &nibianense
949 1472 1020 1507 imp.
1035 1472 1161 1499 Parisiis
1184 1468 1266 1498 1530.
1281 1472 1303 1498 Ι.
1321 1486 1354 1490 -
1369 1472 1455 1499 Brev.
1471 1472 1525 1500 Ge-

202 1508 352 1536 bennense
372 1510 442 1545 imp.
463 1509 623 1537 Gebennat·
646 1506 727 1537 1487.
744 1509 780 1536 K.
794 1524 833 1528 —
846 1510 931 1536 Brev.
948 1509 1141 1537 Gebennense
1154 1510 1223 1545 imp.
1239 1509 1378 1545 Lugduni
1395 1508 1476 1538 1525.
1491 1511 1525 1538 L.

278 1556 323 1584 In
352 1555 377 1584 1.
406 1557 515 1593 Vesp.
543 1557 638 1593 Super
656 1556 706 1584 Ps.
731 1565 788 1583 nur
816 1558 880 1584 eine
902 1555 933 1591 Α,
963 1557 1010 1585 die
1032 1560 1109 1585 erste
1130 1555 1169 1591 C;
1191 1557 1213 1583 13
1234 1557 1287 1584 hat.
1304 1557 1441 1594 folgende
1462 1557 1525 1585 AA:

214 1612 238 1642 1.
260 1614 364 1643 Gaude
384 1614 456 1643 Sion
477 1617 582 1642 ornata
600 1617 740 1650 tympano
763 1617 816 1642 etc.

214 1670 242 1699 2.
265 1672 353 1700 Caeci
373 1672 483 1706 vident,
505 1675 627 1700 currunt
647 1671 753 1706 claudi,
905 1669 931 1700 3.
954 1672 1012 1706 Qui
1032 1680 1126 1708 prece,
1148 1673 1199 1708 qui
1220 1673 1322 1700 merito

301 1713 332 1738 et
350 1711 453 1738 valent
472 1710 637 1746 paralytici,
991 1711 1049 1738 Tot.
1069 1710 1233 1744 auxiliaris,

261 1750 397 1777 Daemon
418 1749 502 1782 cedit,
525 1750 606 1777 salus
629 1748 713 1780 redit,
954 1749 1094 1777 Caritatis
1115 1748 1214 1777 debito

298 1790 424 1825 surgunt
444 1788 604 1824 epilentici⁷
991 1788 1084 1816 Nobis
1104 1789 1242 1821 tenearis,

262 1826 368 1855 Salvat
388 1835 485 1860 sanos,
508 1835 613 1862 aegros
634 1828 742 1854 sanant
954 1826 998 1854 Ut
1016 1835 1070 1854 nos
1093 1834 1174 1854 more
1194 1826 1282 1854 solito

297 1866 405 1893 summi
424 1873 529 1893 manus
550 1864 666 1893 medici.
991 1866 1072 1893 Tuos
1091 1865 1212 1893 tuearis.

200 1931 228 1960 4.
243 1933 303 1960 Hie
318 1934 363 1960 est
376 1932 429 1960 ille
443 1932 561 1968 praesul
577 1939 665 1959 verus
684 1933 754 1965 etc.;
769 1929 795 1958 5.
809 1932 833 1959 O
847 1931 961 1967 Claudi⁷
977 1932 1095 1968 praesul
1110 1930 1222 1959 Clu-isti
1237 1935 1289 1960 otc.
1304 1948 1343 1952 —
1365 1933 1390 1960 D
1406 1933 1530 1970 beginnt.

201 1972 256 1999 mit
275 1972 326 1999 der
347 1970 369 1997 Α
391 1970 429 1998 ad
448 1971 548 2007 Magn.
569 1986 607 1990 —
629 1969 649 1997 R
675 1969 733 1998 Cor
748 1970 865 1997 Claudii
886 1973 1065 2006 purpuratur
1086 1972 1139 1998 etc.
1156 1970 1197 2006 B;
1218 1971 1297 1998 dann
1317 1971 1392 2008 fulge
1411 1973 1442 1999 in
1463 1972 1526 2000 der-

204 2010 305 2038 selben
329 2010 434 2044 Quelle
455 2009 509 2036 auf
526 2009 577 2037 das
598 2008 725 2037 Schema
745 2008 889 2044 Sospitati
911 2008 993 2036 dedit
1012 2015 1128 2046 aegros:

787 2107 933 2139 Prosa

435 2182 549 2210 Chorus
568 2183 712 2218 hymnum
731 2181 855 2218 plaudat
877 2180 993 2208 Christo
1016 2180 1133 2209 Claudii
1156 2181 1321 2215 sollemmo,

434 2220 525 2249 Cuius
545 2222 632 2257 virga
652 2220 824 2256 profugatur
845 2219 1005 2247 somnifera
1023 2221 1131 2253 bellua,

432 2260 506 2287 Vita
525 2261 608 2288 cuius
631 2259 830 2295 exstirpantur
849 2258 936 2286 foeda
956 2259 1058 2286 mundi
1079 2258 1199 2292 scelera,

435 2297 525 2326 Cuius
546 2298 614 2326 finis
635 2300 664 2326 in
687 2300 809 2325 aeterna
828 2298 986 2324 coronatur
1005 2297 1110 2333 gloria,

434 2337 530 2371 Quam
549 2337 651 2373 sigillo
671 2336 878 2372 praesignavit
896 2344 1027 2363 summus
1047 2340 1132 2372 pater
1145 2335 1299 2371 luminum,

435 2376 530 2410 Quam
551 2377 701 2412 propriam
723 2374 788 2402 orbi
808 2376 896 2402 natus
917 2377 947 2402 et
966 2382 1069 2402 cruore
1088 2375 1207 2410 proprio

433 2415 536 2450 Agnus
560 2416 617 2443 sibi
639 2414 710 2442 fecit
729 2414 825 2440 crucis
844 2413 956 2441 crudeli
978 2413 1118 2441 ludibrio.
