1653 2567
688 118 924 153 -73-—

183 242 191 249 .
217 215 266 248 Tu
292 224 336 255 es,
364 216 469 258 Anna,
496 215 679 257 laudabilis,

217 264 304 302 Quae
328 262 480 303 precibus
505 267 601 304 atque
626 265 708 296 votis

218 311 345 344 Prolem
371 320 391 343 a
416 310 484 343 Deo
509 313 703 352 postulatam

219 357 365 391 Genuisti
389 358 635 399 magnificatam,

176 434 183 440 .
216 407 280 439 Per
304 415 396 447 quam
422 415 508 439 mors
535 406 645 447 fugata
671 407 765 450 cedit,

218 454 282 486 Per
311 463 405 495 quam
430 455 517 486 salus
542 458 653 487 nostra
678 455 773 486 redit.

281 539 329 573 In
357 542 388 575 2.
414 539 443 572 N
455 543 551 572 octu
562 549 607 572 rn
618 549 646 574 0.

368 606 566 642 Antiphonae.

184 689 191 695 .
218 664 316 706 Audi,
343 663 422 705 filia,
449 668 482 696 et
505 665 581 697 vide

216 712 369 745 Dolorem
394 714 525 745 nostrae
549 714 716 753 angustiae

217 759 262 792 Et
282 760 404 792 inclina
428 768 522 792 aures
545 763 627 801 tuas,

217 807 366 849 Domina,
391 808 435 840 ad
459 816 573 847 preces
596 811 734 842 nostras,

181 889 188 897 .
215 864 253 897 In
278 867 371 897 utero

262 914 393 944 sanctae
417 913 533 944 Annae

215 959 330 992 Sanxit
352 960 503 992 thronum

263 1017 354 1039 suum
377 1016 436 1039 rex
460 1008 590 1047 gloriae,

180 1090 188 1098 .
217 1064 365 1096 Gloriosa
395 1064 435 1096 de
457 1067 490 1096 te
516 1064 604 1096 dicta

217 1112 308 1153 Sunt,
332 1114 436 1143 mater
458 1112 585 1153 eximia,

217 1159 304 1198 Quae
328 1159 398 1191 sola
423 1159 520 1199 digna
545 1158 634 1191 fuisti

215 1206 355 1247 Gignere
380 1210 513 1239 matrem
540 1206 668 1242 Christi,

350 1282 558 1318 Responsoria.

181 1367 185 1372 .
211 1341 262 1373 Tu
291 1349 325 1372 es
350 1339 432 1372 Sara
456 1339 605 1382 fecunda,

210 1389 299 1428 Quae
322 1389 422 1420 risum
448 1392 482 1419 et
506 1388 622 1428 gaudia

211 1437 334 1469 Mundo
359 1434 461 1468 fiebili
485 1436 634 1474 intulisti,

211 1484 296 1517 Dum
319 1484 457 1516 Mariam
482 1485 649 1526 peperisti,

213 1531 344 1565 Stellam
363 1532 473 1572 maris,
490 1535 624 1564 matrem
641 1531 759 1565 Christi

173 1605 180 1612 .
214 1579 311 1612 Cuius
336 1579 457 1620 quippe
477 1583 591 1619 partus
616 1581 732 1620 gaudio

214 1628 373 1660 Mundum
397 1627 504 1667 replet
527 1632 561 1660 et,
583 1627 694 1662 iubilo.

179 1712 184 1719 .
213 1685 239 1718 O
264 1685 460 1717 laudandam
485 1683 647 1728 feminam,

211 1733 300 1773 Quae
319 1732 429 1765 Iudith
455 1732 654 1766 benedictam

211 1781 257 1814 Et
283 1781 431 1813 decoram
457 1781 565 1820 specie

211 1829 258 1863 Et
281 1830 410 1869 plenam
438 1829 633 1872 clementiae,

213 1878 398 1911 Salvantem
424 1887 443 1909 a
466 1878 630 1919 periculis,

213 1926 386 1966 Progenuit
409 1925 548 1969 populis,

171 2001 178 2008 .
210 1976 297 2015 Quae
323 1976 411 2006 casta

258 2020 468 2054 Holofernem
498 2022 677 2062 prostravit

210 2070 257 2102 Et
278 2069 343 2103 Dei

262 2117 416 2159 populum
436 2117 600 2150 liberavit.

177 2202 185 2209 .
213 2176 238 2209 Ο
265 2176 359 2208 beata
385 2178 416 2207 et
441 2176 581 2216 gloriosa

211 2227 316 2264 Anna,
348 2232 429 2264 quae
456 2223 609 2257 divinitus

212 2274 275 2306 Per
300 2271 487 2304 electionem

210 2320 389 2353 Lucernam
409 2319 537 2353 Christo
558 2320 772 2360 praeparasti,

211 2368 273 2401 Dei
298 2367 375 2409 filio,

214 2416 263 2449 Tu
288 2417 431 2458 propitia

763 1560 770 1576 7

905 216 973 257 Ipsi
1002 225 1059 249 nos
1085 216 1230 249 continua
1269 207 1275 213 ¹

906 264 1005 297 Prece
1030 265 1263 304 recommenda,

835 313 871 345 V.
901 312 948 346 Ut:
973 313 1038 344 eius
1065 312 1250 352 propitiatio

903 360 1087 393 Electorum
1110 369 1238 392 suorum

904 407 971 440 Nos
997 410 1185 440 annumeret
1210 407 1378 440 consortio.

971 523 1020 555 In
1045 523 1077 556 3.
1105 521 1335 556 Nooturno.

1048 597 1242 633 Antiphonae.

869 681 877 688 .
903 656 1053 689 Exsultet
1077 655 1179 688 omnis
1206 658 1301 696 terra,

904 703 1057 742 Quoniam
1088 704 1182 735 beata
1206 704 1301 736 Anna

902 751 1040 784 Mariam
1065 750 1156 783 nobis
1181 752 1300 793 genuit,

902 798 954 832 Ex
982 808 1045 839 qua
1068 798 1155 831 Deus
1181 801 1274 831 natus

904 846 971 879 Nos
996 847 1123 879 salvare
1148 846 1243 879 venit.

872 947 880 955 .
908 923 985 957 Cum
1011 922 1147 955 Domino

951 973 1046 1002 Anna
1071 970 1253 1008 exsultabit,

902 1018 947 1050 Et,
972 1026 1041 1049 cum
1068 1026 1104 1050 eo

950 1065 1018 1097 sine
1043 1064 1106 1097 fine
1131 1065 1286 1105 regnabit.

868 1166 876 1173 .
905 1140 1009 1174 Corde
1035 1143 1067 1172 et
1091 1141 1195 1172 animo
1223 1141 1275 1180 pio

904 1188 1072 1221 Cantemus
1101 1188 1236 1229 gloriam
1261 1188 1343 1228 Deo,

903 1236 963 1275 Qui
988 1235 1065 1267 fecit
1089 1235 1251 1268 mirabilia

903 1285 939 1317 In
966 1284 1080 1316 Annae
1106 1284 1217 1315 matris
1243 1283 1321 1316 filia.

1040 1388 1250 1424 Responsorit„

868 1472 875 1479 .
902 1446 999 1479 Sidus
1024 1447 1120 1478 Anna
1144 1449 1208 1479 tres
1233 1447 1381 1479 lucernas

953 1494 1084 1526 Erranti
1110 1495 1229 1526 mundo
1252 1495 1371 1537 intulit,

902 1542 985 1574 Dum
1014 1541 1153 1574 fecunda
1177 1545 1280 1574 mater
1304 1546 1412 1574 ternas

949 1589 1052 1622 Filias
1080 1590 1183 1622 claras
1207 1590 1354 1630 protulit,

902 1637 1040 1677 Quarum
1065 1638 1156 1678 virgo

949 1686 1057 1717 Maria
1083 1685 1210 1726 dignior

902 1734 948 1767 Ut
971 1734 1019 1765 sol
1044 1733 1148 1766 stellis

949 1780 1089 1822 refulget
1113 1781 1248 1823 clari0r3

862 1856 868 1864 .
899 1830 990 1862 Haec
1013 1833 1117 1862 mater
1141 1830 1227 1871 regis
1252 1829 1374 1870 gloriae

900 1878 946 1910 Et
969 1878 1066 1919 plena
1091 1879 1193 1911 omnis
1215 1878 1347 1919 gratiae.

868 1983 876 1990 .
901 1955 997 1988 Anna
1020 1958 1193 1996 conregnat
1216 1955 1366 1996 gloriosa,

902 2004 991 2036 Inter
1014 2003 1097 2036 filias

950 2051 1125 2083 Ierusalem
1149 2052 1306 2091 speciosa,

903 2099 1002 2139 Quam
1027 2099 1113 2132 filiae
1138 2098 1215 2131 Sion
1241 2098 1391 2131 viderunt

902 2147 946 2180 Et
954 2146 1171 2179 beatissimam
1182 2146 1461 2190 praedicaverunt,

862 2220 871 2228 .
904 2194 948 2228 Et
973 2196 1102 2235 reginae
1127 2194 1193 2227 eius
1220 2193 1333 2228 faciem

904 2243 1135 2276 Laudaverunt
1159 2242 1418 2276 desiderabilem.

869 2345 877 2353 .
904 2319 1011 2353 Decus
1036 2320 1157 2360 mundi,
1184 2319 1264 2353 felix
1288 2321 1394 2364 Anna,

903 2367 952 2401 Tu
977 2369 1079 2409 gloria
1104 2371 1136 2400 et
1159 2368 1280 2402 honore

903 2417 1062 2451 Coronata
1088 2426 1121 2449 es
1145 2417 1179 2450 in
1206 2418 1321 2459 patria,
