1653 2567
689 124 922 160 —74—

222 221 333 254 Exora
357 222 495 254 assiduis
519 222 668 261 precibus
847 223 878 254 5.
904 222 1010 263 Anna,
1037 221 1113 254 Sion
1137 221 1215 262 filia,

224 270 324 302 Tuam
348 270 530 302 memoriam
557 269 740 312 agentibus3
950 271 988 302 In
1013 278 1088 311 rege
1112 278 1168 301 suo
1195 268 1380 307 exsultavit,

150 317 190 349 V.
225 317 353 350 Gaudes
379 326 514 357 namque
539 326 607 348 eum
636 316 762 350 Christo
906 317 1004 356 Quam
1030 325 1135 349 secum
1158 316 1193 348 in
1217 317 1323 357 gloria

220 365 266 397 Et
288 374 359 397 eum
383 365 553 397 benedicta
574 365 666 404 prole
952 365 1054 404 Super
1079 365 1183 397 caelos
1209 363 1371 396 exaltavit.

223 413 260 445 In
286 413 404 445 vestitu
430 413 590 452 deaurato,

224 459 426 492 Circumdata
451 460 617 494 varietate.
1020 448 1066 477 Ad
1085 448 1271 477 Benedictus-

511 554 517 560 ,
831 516 870 549 A.
904 517 928 549 O
953 518 1077 556 lampas
1094 516 1215 557 mundi,
1241 516 1348 548 lumen
1362 513 1452 555 caeli,

312 556 358 588 1¹³
384 554 615 588 Lffildlbflss·
901 563 996 597 Felix
1018 565 1122 604 Anna,
1146 564 1245 596 laude
1271 563 1376 603 digna,

901 611 951 643 Tu
975 612 1143 643 benedicta
1168 610 1296 653 femina,

903 658 997 691 Cuius
1018 659 1125 698 proles
1148 658 1292 691 omnibus

950 705 1049 739 Nobis
1078 706 1238 738 Christum
1266 704 1384 745 genuit,

900 753 958 792 Qui
983 762 1040 785 nos
1065 763 1085 785 a
1107 754 1225 785 nostris
1245 751 1392 784 sordibus

363 630 559 666 Antiphonae.

165 689 194 720 1.
221 688 373 720 Dominus
398 691 526 719 sanetae
550 689 663 720 Annae

220 735 431 775 Praeparavit
454 735 562 767 sedem
587 735 716 775 gloriae,

223 783 322 822 Quam
346 782 468 814 obtinet
494 782 589 822 digna
612 782 708 814 laude
947 801 1044 834 Unda
1069 800 1189 833 cruoris
1216 800 1317 832 abluit

221 830 258 862 In
286 831 408 862 dierum
431 830 638 869 longitndine·
898 848 943 879 Et
966 859 987 883 a
1011 848 1131 880 cunctis
1155 847 1300 880 hostibus

163 888 195 919 2.
220 887 312 919 Haec
333 886 519 918 introducta
542 885 732 918 caelestibus
948 895 1013 927 Sua
1036 899 1139 927 morte
1164 896 1255 926 emit·

221 934 327 965 Portis
346 942 414 964 cum
430 933 556 973 hymnis
575 936 605 964 et
623 933 771 965 laudibus

222 982 335 1013 Iuncta
355 984 401 1012 est
420 983 601 1012 sanctorum
619 981 769 1013 coetibus.

162 1038 192 1070 3.
219 1037 321 1069 Labia
346 1037 483 1068 omnium
969 1038 1016 1069 In
1041 1038 1073 1068 2.
1100 1037 1315 1077 Vesperis.

224 1084 413 1116 Collaudent
439 1084 617 1120 Dominum,

220 1133 300 1172 Quia
324 1132 467 1163 omnibus
492 1131 637 1170 gentibus
1016 1120 1062 1147 Ad
1081 1120 1262 1157 Magnificat.

221 1179 339 1211 Sancta
363 1180 468 1232 Anni&
827 1189 868 1219 A.
898 1188 1045 1227 Exsulta,
1071 1188 1175 1228 Anna,
1199 1187 1233 1219 iu
1251 1188 1326 1220 Iesu
1346 1187 1410 1226 pio,

218 1227 320 1258 Tarra
343 1226 523 1264 bffllfflhssfss,
895 1235 1019 1275 Deique
1042 1236 1143 1274 prolis
1168 1237 1241 1266 tuae
1264 1234 1342 1275 filio,

221 1273 321 1305 Dedit
345 1272 482 1305 fructum
505 1281 605 1303 suum.
900 1282 977 1314 Cum
1003 1291 1065 1321 qua
1085 1283 1178 1322 prom
1201 1281 1370 1322 magnifica

161 1332 192 1362 4.
219 1329 448 1362 Benedicamus
472 1330 588 1368 Iesum,
898 1330 961 1361 Pro
987 1329 1078 1360 nobis
1105 1329 1230 1362 Christo
1256 1329 1414 1372 supplica,

219 1378 417 1409 salvatorem
442 1376 590 1415 omnium,
898 1377 944 1409 Ut
969 1385 1026 1408 nos
1047 1380 1162 1418 purget
1186 1386 1206 1408 a
1230 1377 1378 1409 sordibus

218 1424 270 1455 Ex
294 1424 385 1464 prole
408 1426 521 1456 Annae
544 1423 694 1463 genitum.
899 1424 944 1455 Et
965 1424 1076 1463 iungat
1099 1426 1281 1456 sanctorum
1297 1424 1453 1458 coetibus,

223 1499 356 1526 Viaticus
378 1498 519 1526 Iohannis
533 1497 735 1525 Noviforensis
755 1505 831 1525 saec.
854 1495 897 1524 14.
931 1498 1001 1526 Ood.
1015 1498 1090 1525 Mus.
1105 1499 1257 1526 Bohemiei
1277 1508 1299 1526 s.
1319 1508 1347 1526 n.
1362 1499 1396 1526 A.
1418 1514 1451 1518 —

147 1537 230 1565 Brev.
260 1545 313 1564 mS.
338 1536 485 1572 Pragense
512 1544 586 1563 saec.
616 1533 658 1562 14.
700 1535 769 1562 Uod.
795 1536 919 1571 Pragen.
949 1536 1008 1564 VH
1038 1536 1064 1563 A
1093 1535 1136 1563 12.
1165 1536 1196 1563 B.
1227 1552 1262 1556 —
1289 1538 1373 1564 Brev.
1401 1546 1453 1564 ms.

147 1574 297 1611 Pragense
316 1582 390 1602 saec.
413 1573 457 1602 14.
499 1573 565 1600 (jod.
585 1573 711 1609 Pragen.
728 1573 773 1600 'VI
791 1573 819 1600 Ε
838 1571 891 1600 421.
913 1573 943 1600 Ο.
1019 1574 1105 1601 Brev.
1126 1583 1178 1602 ms.
1200 1582 1275 1602 saec.
1296 1574 1341 1602 15.
1383 1576 1453 1602 God.

148 1612 243 1640 Palat.
269 1612 473 1640 Vindobonen.
501 1609 607 1639 13847.
629 1612 665 1638 D.
692 1626 729 1630 —-
755 1612 798 1639 In
824 1609 848 1639 1.
877 1612 978 1648 Vesp.
1000 1611 1094 1648 Super
1111 1613 1160 1640 Ps.
1187 1612 1239 1639 hat
1257 1614 1284 1640 D
1311 1613 1377 1640 funs
1398 1612 1454 1644 AA,

146 1651 256 1677 welche
282 1651 347 1678 dem
367 1650 501 1678 Officium
520 1649 605 1677 Anal.
626 1650 662 1676 V.
690 1649 740 1676 Nr.
762 1647 798 1677 37
823 1649 952 1677 entlehnt
970 1650 1048 1680 sind:
1077 1651 1126 1679 Bo
1146 1651 1294 1686 beginnen
1313 1652 1367 1678 mit
1387 1651 1452 1678 dem

148 1686 178 1714 Β.
200 1704 236 1707 -
256 1689 296 1716 In
318 1688 342 1717 1.
366 1688 463 1716 unct.
485 1686 507 1715 A
529 1686 559 1720 1,
580 1686 601 1714 4
626 1688 794 1714 memoriam
814 1689 850 1715 D.
870 1702 906 1706 —
929 1686 950 1713 A
972 1687 1002 1722 2,
1025 1686 1040 1715 1
1060 1688 1135 1716 Eius
1157 1688 1196 1718 D:
1225 1689 1380 1717 benedicta
1399 1690 1452 1717 AD

146 1734 240 1762 geu-en
266 1727 324 1754 <len
350 1727 443 1753 Reim.
467 1741 505 1745 —
540 1723 562 1751 A
588 1722 616 1757 3,
639 1724 653 1752 1
681 1724 773 1752 Beata
797 1726 883 1753 Anna
906 1735 938 1754 es
966 1726 1003 1754 D.
1031 1740 1068 1744 —
1105 1725 1126 1753 Β
1152 1725 1170 1755 3
1195 1726 1269 1754 tehlt
1292 1728 1329 1755 D.
1349 1742 1385 1746 —
1413 1728 1455 1755 lu

146 1764 173 1791 2.
193 1764 293 1791 Nect.
316 1763 338 1790 A
360 1763 389 1795 1,
411 1762 428 1790 2
457 1764 617 1792 Clamorem
645 1764 763 1790 nostrae
785 1763 844 1791 OD.
867 1779 906 1783 —
931 1762 955 1790 A
976 1762 1008 1795 2,
1031 1762 1046 1791 1
1066 1765 1102 1792 In
1120 1765 1193 1792 fehlt
1212 1765 1245 1791 A.
1273 1780 1311 1784 —
1339 1764 1361 1791 A
1382 1764 1414 1799 2,
1437 1764 1455 1792 :3

147 1801 192 1829 th<
201 1811 264 1829 rum
284 1803 320 1830 D.
341 1816 379 1820 —-
399 1801 421 1827 A
442 1800 472 1835 3,
495 1799 510 1829 1
532 1801 668 1828 Gloriosa
687 1800 766 1828 dicta
785 1804 853 1829 sunt
872 1802 913 1831 Λ.
935 1805 1004 1829 sunt
1022 1802 1101 1830 dieta
1120 1804 1153 1831 B.
1173 1817 1210 1821 —
1232 1801 1253 1829 A
1275 1801 1301 1837 3,
1322 1802 1340 1831 2
1362 1804 1405 1831 D‹·
1426 1808 1455 1832 te

147 1842 239 1868 mater
260 1841 367 1867 eximia
387 1841 425 1871 B:
455 1841 547 1867 mater
565 1839 638 1866 fehlt
657 1837 691 1865 A.
712 1853 750 1857 —
773 1837 796 1865 A
817 1837 843 1869 3,
864 1837 882 1867 3
902 1840 983 1867 fuisti
1005 1839 1095 1876 digna
1113 1842 1148 1869 A.
1170 1856 1205 1859 —
1228 1839 1247 1867 Β
1271 1841 1296 1875 1,
1319 1841 1334 1869 1
1356 1843 1402 1869 Tu
1423 1851 1454 1870 es

149 1886 232 1905 saera
252 1879 316 1906 BD.
336 1892 372 1896 —
395 1875 415 1903 Β
440 1876 464 1910 1,
484 1876 502 1905 2
522 1877 661 1912 gaudium
684 1876 717 1903 B.
736 1892 771 1897 —
796 1875 815 1903 Β
839 1875 863 1911 1,
884 1876 901 1905 5
922 1878 995 1905 fehlt
1013 1878 1047 1905 B.
1067 1894 1104 1897 —
1122 1877 1142 1905 Β
1167 1877 1192 1910 1,
1213 1879 1325 1908 GTuus
1346 1882 1454 1917 quippe

149 1917 190 1951 D,
217 1917 306 1944 Cuius
327 1916 442 1951 quidem
463 1917 495 1944 B.
522 1930 558 1933 —
587 1913 607 1941 Β
630 1913 655 1947 1,
677 1913 693 1940 7
714 1915 818 1951 implet
835 1916 868 1942 in
887 1916 979 1943 iubilo
1001 1916 1058 1944 BC.
1077 1932 1116 1936 —
1145 1916 1165 1944 Β
1187 1915 1213 1949 2,
1236 1916 1253 1945 2
1282 1919 1363 1953 Quae
1383 1919 1457 1946 fehlt

150 1954 184 1983 0:
207 1957 279 1981 statt
298 1955 347 1982 des
368 1955 487 1982 Cranaen
508 1955 555 1980 ein
575 1953 758 1988 prosaisuhes
781 1951 801 1979 Β
822 1953 858 1981 D.
879 1968 916 1972 ——
940 1952 960 1979 Β
982 1952 999 1982 3
1020 1955 1051 1981 in
1071 1956 1112 1983 D:

509 1992 543 2019 R.
563 1991 629 2023 Eia,
654 1999 733 2024 uena,
753 1993 834 2019 vitae
854 1993 1039 2027 principium,

564 2028 669 2057 Confer
686 2029 779 2065 lapsis
799 2031 894 2066 precis
915 2031 1066 2064 auxilium,

561 2067 603 2095 Ut
624 2068 662 2095 ad
678 2075 768 2095 verae
785 2070 866 2095 vitae
886 2068 1045 2096 solstitium

566 2105 754 2134 Attrahamur
773 2115 825 2142 per
844 2108 932 2134 natae
951 2106 1052 2134 filium.

549 2144 586 2171 V.
611 2144 657 2171 Ad
675 2145 705 2171 te
723 2145 823 2172 tristes
845 2145 958 2172 exsules

649 2182 733 2210 Evae
752 2183 881 2211 clamant
900 2182 964 2217 filii,

616 2221 696 2254 Quos
713 2220 862 2249 decertent
880 2221 1035 2249 daemones

655 2258 696 2287 Et
714 2259 830 2287 labores
851 2260 957 2287 exsilii.

148 2298 189 2325 In
209 2293 236 2323 3.
256 2296 330 2323 Noe
338 2297 358 2322 t.
374 2294 395 2322 A
418 2294 435 2323 2
455 2295 514 2324 und
534 2293 552 2324 3
569 2297 737 2333 umgestellt
750 2298 786 2325 D.
808 2312 843 2317 —
858 2296 880 2323 A
902 2295 928 2331 3,
949 2297 968 2326 4
980 2299 1016 2326 In
1037 2298 1131 2327 almae
1145 2302 1249 2328 matris
1264 2301 1294 2329 G.
1313 2317 1344 2322 —
1361 2300 1381 2328 Β
1398 2301 1423 2336 3,
1442 2304 1456 2333 1

147 2335 171 2363 O
198 2334 269 2362 felix
288 2335 374 2362 Anna
399 2335 486 2362 decus
512 2335 612 2362 mundi
633 2336 670 2368 A;
699 2334 722 2362 O
750 2335 838 2364 decus
865 2336 965 2364 mundi
992 2337 1064 2364 felix
1082 2337 1170 2367 Anna
1190 2339 1248 2366 BC.
1275 2356 1313 2360 --
1339 2339 1358 2367 Β
1381 2340 1415 2376 3,
1439 2343 1456 2372 6

148 2372 286 2402 Gaudens
306 2380 432 2408 namqu<u
454 2381 559 2409 regnas
573 2382 638 2401 cum
652 2372 708 2407 BC,
729 2382 855 2410 regnans
868 2375 907 2402 D.
929 2390 968 2394 —
987 2377 1027 2404 In
1047 2377 1158 2404 Laud.
1173 2375 1196 2403 A
1210 2375 1236 2408 3
1258 2377 1275 2406 2
1290 2380 1458 2411 collaudem

146 2412 204 2440 ΒΟ.
228 2426 263 2430 -
279 2409 302 2438 A
323 2409 350 2444 3,
372 2409 388 2438 Ξ)
407 2412 564 2440 benedicta
582 2412 656 2440 fehlt
667 2412 702 2440 A.
723 2427 760 2432 —
774 2411 797 2439 Α
817 2413 845 2448 4,
866 2410 884 2441 3
896 2413 944 2441 Ex
963 2413 1037 2442 fehlt
1049 2415 1083 2442 A.
1099 2430 1135 2434 —
1149 2416 1195 2444 Ad
1209 2417 1316 2446 Bened.
1335 2417 1368 2454 Α,
1382 2419 1402 2448 4
1414 2430 1458 2458 sq.
