1655 2568
266 166 312 200 Ut
336 177 354 199 a
378 168 468 201 nobis
493 169 652 202 inimicum

270 215 386 248 Procul
411 217 512 256 pellas
537 218 742 257 impudicum.

236 296 243 303 .
268 271 339 304 Vox
364 273 403 305 ab
427 282 490 316 ore,
518 274 588 306 laus
615 273 654 305 de
680 275 775 307 eorde

267 320 414 352 Resultet
439 324 468 352 et
495 321 632 353 exsultet

268 366 375 399 Omnis
400 369 492 399 homo
518 368 632 410 fidelis,

266 413 342 446 Cum
368 415 406 447 ab
425 416 556 448 Israelis

264 461 366 493 Domo
392 463 484 495 homo

267 508 374 550 Surgit
398 510 588 550 sanctitatiS,

265 558 369 595 Anna,
396 560 498 589 mater
521 558 706 596 honestatis,

268 603 361 635 Cuius
387 602 481 637 flores
505 605 540 637 in
565 605 679 637 decore

268 650 429 691 Puritatis,
456 653 634 690 suavitatis,

266 698 405 731 Fructus
429 699 462 730 in
485 699 613 734 honore.

227 770 235 778 .
266 744 290 777 O
315 747 418 778 mater
442 747 595 785 pulchrae
620 746 808 789 dilectioniS,

265 792 315 824 Ex
341 795 373 823 te
397 792 470 825 fons
495 793 753 827 sanctificationis

264 836 392 878 Prodit,
420 841 507 882 virgo
533 840 608 879 filia,

265 885 361 925 Quam
389 896 486 920 exora
509 891 540 919 et
563 888 709 929 implora.

326 1001 373 1033 In
399 1003 430 1034 -3,
458 1002 686 1036 Nocturno.

402 1075 449 1103 Ad
474 1076 603 1103 Cantica.

229 1158 235 1164 .
268 1130 406 1174 Florete,
431 1131 536 1175 flores,
563 1133 652 1172 quasi
678 1134 779 1166 lilium

266 1177 311 1210 Et
331 1178 532 1220 fructificate,

266 1224 349 1258 Date

267 1273 404 1305 Odorem
429 1282 467 1304 ae
491 1273 551 1306 Dei
577 1272 673 1305 filium

268 1321 434 1352 immensis
458 1321 606 1352 laudibus
630 1321 818 1362 collaudate,

266 1368 324 1407 Qui
351 1370 464 1400 Annae
487 1367 598 1399 matris
624 1368 769 1407 spiritum

268 1415 305 1446 ln
332 1415 503 1446 electorum
526 1415 666 1454 requiem

268 1461 312 1493 Et
334 1462 419 1493 inter
443 1466 611 1494 vernantes

266 1509 412 1541 Paradisi
437 1507 530 1541 flores
555 1510 650 1541 hodie

268 1555 419 1588 Felieiter
445 1557 700 1597 transplantavit.

442 1631 566 1667 Res-pon:
572 1632 648 1659 fforia.

233 1713 240 1719 .
267 1689 352 1720 Arca
377 1691 411 1719 tu
435 1688 510 1720 novi
534 1690 724 1728 testamenti,

267 1735 407 1775 Fulgens
431 1735 533 1767 instar
556 1735 758 1776 firmamenti,

268 1783 359 1815 Omni
382 1784 475 1821 parte
499 1791 575 1815 auro
601 1786 695 1823 tecta,

269 1831 308 1862 In
334 1833 366 1861 te
389 1831 477 1870 regni
504 1830 593 1871 virga
616 1833 705 1862 recta

268 1876 390 1918 Manet,
416 1887 433 1909 ο
459 1878 607 1909 virtutum
632 1879 736 1916 Anna,

267 1924 386 1957 Urnam
409 1924 537 1964 plenam
561 1924 681 1957 habens
706 1934 821 1958 manna

318 1972 396 2005 Cum
421 1972 538 2004 tabulis
563 1972 724 2007 scientiae,

228 2046 234 2052 .
267 2020 313 2051 Te
336 2018 473 2060 perfecit
496 2020 699 2058 architectus,

268 2067 329 2099 Dei
354 2071 447 2099 natus
473 2070 505 2098 et
530 2067 663 2099 dilectus

315 2114 416 2146 Manu
439 2115 624 2155 sapientiae.

237 2196 244 2202 .
272 2171 365 2203 Clare
386 2171 496 2203 lucens
520 2171 554 2202 in
578 2172 721 2212 procella

268 2219 334 2250 lam
362 2219 401 2251 de
425 2219 520 2251 Iacob
546 2219 646 2259 surgit
670 2220 773 2260 stella,

269 2266 363 2299 Cuius
388 2266 480 2298 iubar
503 2267 621 2298 mundo
647 2267 766 2299 clarum

268 2313 387 2345 Lumen
414 2313 530 2354 fundit,
557 2314 631 2346 hinc
656 2323 796 2347 rosarum

267 2363 343 2395 Flos
367 2361 599 2402 pulcherrimus
623 2362 780 2403 procedit,

952 168 1009 203 Oui
1032 169 1162 209 spiritus
1187 168 1307 202 insedit.

999 218 1081 250 Vere
1106 215 1310 257 septiformis.

881 265 919 298 V.
951 265 1105 304 specular
1129 273 1162 296 es
1187 263 1370 300 munditiae,

952 312 1008 346 Cui
1033 313 1080 344 sol
1105 312 1245 344 iustitiae

948 360 1066 392 Rnclios
1089 360 1253 399 impressit

994 408 1101 447 Imago
1129 406 1302 440 deiformis.

915 506 921 513 .
948 482 1052 524 Salve,
1074 482 1190 515 nobilis
1216 483 1307 522 virga
1329 481 1425 518 Iesse,

946 530 996 562 De
1013 538 1074 570 qua
1093 532 1196 562 ortum
1214 532 1262 561 est
1278 526 1493 568 praecandens

946 576 1063 609 Lilium
1090 577 1288 616 convallium,

948 624 1037 663 Quod
1062 624 1227 664 generavit

993 671 1055 703 Dei
1080 671 1190 712 filium,

948 719 1006 758 Qui
1033 719 1163 751 donavit

995 766 1146 798 Omnibus
1172 774 1250 805 esse,

907 841 912 846 .
946 813 1032 846 Odor
1057 814 1144 845 cuius
1169 812 1290 852 fragrat

947 860 1050 899 Super
1073 862 1233 901 unguenta
1256 860 1405 901 pretiosa,

945 907 1068 939 Favum
1094 916 1162 939 eum
1188 908 1283 939 melle
1308 906 1441 938 distillat

945 955 1070 995 Lingua
1095 955 1161 986 eius
1187 955 1334 995 gratiosa.

913 1045 920 1053 .
946 1021 1015 1062 Ego
1040 1021 1129 1061 quasi
1154 1020 1361 1059 terebinthuS,

947 1067 1075 1100 Habens
1102 1068 1233 1108 gloriam
1259 1067 1298 1099 ab
1324 1068 1419 1106 intus,

947 1115 1064 1147 Ramos
1087 1123 1174 1146 meos
1201 1114 1342 1155 dilatavi,

949 1161 1025 1194 Cum
1050 1161 1171 1194 Marias
1196 1163 1353 1204 generavi,

948 1209 1062 1241 Trinos
1086 1207 1181 1241 flores
1206 1209 1389 1242 honestatis.

946 1256 1016 1299 Eia,
1041 1259 1143 1288 mater
1169 1256 1333 1294 eastitatis,

948 1304 1012 1336 Ora
1035 1303 1170 1343 primam
1192 1312 1230 1335 ex
1255 1307 1288 1334 te
1310 1306 1426 1342 natam,

949 1350 1079 1383 Gratam
1110 1350 1230 1383 eunctis
1257 1353 1288 1382 et
1312 1351 1497 1393 praelatam,

947 1398 1053 1437 thue
1077 1401 1202 1438 gratum
1226 1406 1265 1429 ex
1289 1406 1324 1429 se
1347 1402 1454 1430 natum

947 1445 1032 1484 Oret,
1056 1448 1092 1477 ut
1115 1453 1245 1485 regnum
1270 1445 1397 1477 beatum

948 1492 1047 1524 Nobis
1073 1495 1215 1531 praestet
1240 1496 1271 1524 et
1297 1496 1499 1533 conspectum

995 1539 1142 1571 Summae
1168 1539 1314 1580 deitati83

909 1614 915 1620 .
947 1587 1011 1619 Ora
1034 1589 1169 1628 patrem,
1194 1589 1231 1619 ut
1254 1596 1312 1627 per
1338 1587 1459 1628 ducem,

947 1633 1006 1673 Qui
1031 1634 1167 1666 redemit
1190 1643 1248 1667 nos
1272 1643 1332 1675 per
1358 1643 1492 1675 crucem,

948 1681 1049 1713 Nobis
1074 1682 1161 1714 orbis
1185 1682 1301 1715 reddat
1323 1683 1435 1715 lucem.

1039 1822 1084 1854 In
1109 1823 1341 1856 Laudibus.

1056 1916 1150 1952 Super
1172 1916 1317 1945 Psalmos.

911 2009 918 2016 .
948 1982 1067 2016 Induta
1092 1992 1124 2015 es
1150 1993 1169 2014 a
1192 1984 1261 2016 Deo

999 2029 1187 2063 fortitudine

951 2078 993 2110 Et
1018 2079 1204 2117 praecincta

996 2125 1236 2165 pulchritudine

1044 2174 1180 2218 Morum,

949 2220 1044 2253 Unde
1069 2221 1129 2253 tibi
1154 2226 1349 2262 praeparata

997 2267 1056 2300 Est
1082 2270 1174 2301 sedes
1199 2270 1319 2311 gloriae

997 2317 1035 2349 ln
1061 2318 1171 2357 requie

1045 2364 1243 2399 Sanctorum.
