1653 2567
731 126 993 162 —251—

391 219 437 247 Ad
457 220 638 257 Mag-nificat.

198 276 240 308 A.
270 277 294 309 O
324 277 505 310 mirandum
531 282 564 310 et
587 280 783 313 laudandum

322 324 468 357 Caeleste
492 327 690 368 mysterium,

274 372 365 411 Quod
391 374 579 413 praetendit
604 377 637 406 et
661 376 803 408 ostendit

315 420 422 453 Electi
449 423 666 464 praeconium,

272 468 332 507 Qui
359 477 419 509 per
444 478 534 501 avem
562 470 757 515 designatur,

272 515 363 549 Sicut
388 518 484 549 matri
510 518 686 558 revelatur,
890 513 931 546 V·

319 564 488 596 Volantem
514 565 692 604 sublimius,

269 612 339 651 Qua
360 612 498 652 signaris
525 612 652 645 Christo
678 614 762 646 caris

319 660 366 691 Te
393 661 572 701 comparari
599 661 735 701 dignius.

336 794 396 826 Ad
421 794 690 826 Matutinum.

399 869 618 897 Invitatorium.

272 929 485 960 Personemus
510 928 581 968 tibi,
610 928 747 968 Christe,

321 976 451 1007 Laudes
481 975 513 1007 in
539 975 658 1015 Eligio‚
890 998 919 1029 V

276 1023 371 1055 Cuius
397 1032 479 1055 novo
506 1024 595 1055 locus
619 1023 682 1054 iste

323 1070 451 1103 Gaudet
476 1070 642 1103 beneficio.

327 1195 373 1227 In
401 1196 431 1228 1.
460 1194 693 1226 Nocturno.

412 1269 610 1305 Antiphonae.

212 1339 243 1372 1.
268 1339 394 1379 Eligius
421 1348 440 1370 a
465 1347 501 1370 re
525 1346 639 1370 nomen
901 1340 931 1374 1,

265 1386 328 1419 Est
352 1386 496 1426 sortitus,
525 1386 614 1417 cuius
639 1393 729 1417 omen

265 1434 373 1466 Iustus
399 1443 419 1465 a
442 1434 566 1465 iustitia

266 1482 355 1513 Deus
384 1482 475 1514 dedit
500 1485 532 1513 et
557 1481 670 1521 gratia.
899 1493 919 1524 2

210 1541 241 1574 2.
266 1539 373 1580 Eligio
402 1539 498 1571 dante
523 1541 599 1570 vota

266 1587 336 1620 Deo
362 1585 480 1627 flagrat
506 1587 617 1618 domus
643 1588 720 1629 tota,

965 225 1077 258 Utrum
1104 224 1165 256 sibi
1191 224 1234 256 sit
1257 226 1391 264 accepta

962 273 1181 312 Beneplacens
1207 275 1239 303 et
1262 270 1409 312 perfecta

1011 320 1075 352 Sua
1099 320 1305 360 paenitentia,

961 368 1057 408 Ecce,
1084 368 1214 408 quidam
1239 367 1380 399 astitisse

961 414 1031 447 Sibi
1056 416 1141 447 visus
1167 418 1199 447 et
1225 415 1344 447 dixisse

1011 463 1135 496 Grandi
1161 472 1231 494 cum
1255 461 1389 494 fiducia:

960 511 1056 551 Efigi,
1084 511 1197 551 gaude,

1008 562 1064 590 tua
1087 561 1198 590 sancta
1222 557 1365 598 precatio
1392 557 1488 589 laude

960 606 1067 646 Digna
1090 609 1179 638 caret
1202 606 1298 637 laude

1011 682 1017 688 .
1038 682 1044 691 .
1063 654 1148 694 quod
1169 654 1262 695 petis,
1283 652 1365 684 illud
1384 651 1513 684 habere.

962 711 1029 744 Iste
1054 719 1148 742 verus
1171 709 1264 742 faber
1290 709 1369 751 auri,

959 759 1105 798 Namque
1129 758 1200 798 ipso
1226 760 1301 789 sunt
1324 757 1468 788 thesauri

1007 806 1090 838 Vere
1116 806 1302 846 sapientiae,

960 854 1019 893 Qui
1045 853 1202 893 probatur
1226 861 1335 885 verum
1361 860 1483 891 aurum,

961 901 1034 933 Non
1059 901 1142 933 hanc
1165 901 1266 933 hiems
1291 900 1357 931 urit
1381 900 1504 931 laurum

1008 949 1174 981 Virentem
1199 951 1267 980 tota
1290 948 1359 990 die3

922 1021 928 1027 .
961 997 1080 1028 Surdos
1107 997 1219 1028 audire

1007 1043 1127 1075 faciens
1154 1044 1347 1082 claudosque
1372 1043 1478 1076 salire.

1017 1187 1063 1219 In
1090 1188 1121 1221 2.
1148 1186 1384 1218 Nocturno.

1104 1270 1301 1307 Antiphonae.

957 1339 1081 1379 Eligius
1106 1341 1322 1371 trecentarum

958 1388 1056 1420 Pater
1082 1386 1143 1418 fuit
1165 1387 1345 1426 puellarum

1005 1435 1160 1468 Fundans
1186 1434 1235 1465 his
1263 1434 1460 1467 coenobium.

925 1520 931 1525 .
959 1492 1094 1524 Sanctus
1121 1495 1227 1523 autem
1251 1500 1310 1531 pro
1334 1490 1403 1523 filia

958 1539 1074 1572 Libros
1106 1543 1137 1571 et
1162 1540 1345 1571 necessaria

957 1588 1052 1620 Ponit
1075 1588 1109 1619 in
1134 1587 1294 1621 caelestia.

268 1635 363 1668 Cuius
391 1638 516 1666 secreta
541 1634 674 1665 thalami
897 1646 928 1678 3⁸
954 1644 1091 1686 Engius,
1117 1645 1231 1684 Inenus
1254 1644 1356 1687 bonis,

269 1681 419 1715 Perfudit
444 1683 524 1714 odor
551 1682 698 1716 balsami.

207 1742 238 1774 3.
265 1740 366 1781 Eligii
393 1740 465 1772 dum
495 1739 612 1772 fabrile

268 1789 379 1828 Surgit
403 1797 483 1828 opus
509 1792 577 1820 tum
603 1787 687 1819 exile

264 1836 453 1868 Luminibus
480 1836 603 1868 obicem

265 1884 400 1926 Semper
424 1884 523 1916 habet
548 1884 700 1916 codicem.
898 1885 928 1918 1.

402 1972 613 2008 Responsoria.

204 2032 236 2066 1.
264 2031 480 2063 Decantemus
506 2029 660 2062 salvatori

310 2079 440 2111 Laudes
465 2079 499 2110 in
525 2078 641 2119 Eligio,

265 2127 361 2160 Cuius
387 2135 484 2167 prece
509 2127 618 2167 nequit
645 2125 727 2158 mori

312 2175 449 2215 Quidam
474 2175 508 2207 in
534 2173 719 2215 suspendio,

189 2224 227 2258 V.
262 2230 361 2264 Quem
387 2222 477 2256 fovet
501 2223 626 2265 Eligius

308 2272 347 2304 ad
376 2272 432 2312 pia
458 2274 533 2304 vota
558 2271 641 2312 pius.
883 2270 921 2302 V.

201 2332 234 2363 2.
260 2330 345 2363 Dum
371 2332 480 2363 oraret
505 2332 634 2362 sanctus
660 2327 774 2368 Deum,

262 2378 306 2411 Ut
331 2387 479 2410 securum
505 2378 621 2411 reddat
648 2385 718 2408 eum
897 2378 928 2410 2.

312 2426 408 2458 Certa
433 2436 492 2467 per
518 2427 549 2458 in
555 2426 649 2466 dicia,

958 1692 1037 1724 Tam
1061 1692 1178 1732 puellis
1204 1701 1297 1732 quam
1323 1693 1478 1724 matronis

1004 1740 1071 1772 Dat
1098 1741 1185 1772 vitae
1210 1740 1398 1772 subsidium.

1096 1826 1305 1862 Responsoria.

958 1884 1137 1917 Gravidata
1161 1894 1245 1917 nova
1269 1883 1337 1916 fetu

1006 1932 1084 1965 Cum
1111 1935 1196 1965 esset
1217 1933 1374 1974 Terrigia‚

958 1982 1170 2015 Consternata
1194 1980 1257 2013 fuit
1280 1984 1367 2012 metu

1003 2030 1142 2069 Propter
1165 2038 1250 2062 nova
1275 2029 1398 2060 somnia

956 2077 1101 2109 Stratum
1128 2105 1458 2114 ..........

1004 2126 1170 2165 Quandam
1196 2125 1279 2157 vidit
1303 2125 1443 2164 aquilam

956 2173 1076 2205 Forma
1101 2174 1150 2205 sui
1176 2172 1429 2213 praefulgentem

1003 2222 1047 2254 Et
1072 2222 1185 2261 pennis
1211 2221 1244 2253 iu
1268 2221 1430 2264 nubilam3

955 2269 1091 2302 Sanctus
1116 2270 1178 2302 erit
1201 2270 1241 2302 de
1266 2271 1308 2308 te,

1004 2318 1050 2350 ait
1075 2318 1138 2350 sibi
1162 2326 1241 2350 voce
1265 2317 1453 2357 prophetae.

957 2375 1067 2408 Crevit
1090 2374 1198 2408 infans
1223 2374 1292 2407 Deo
1314 2384 1407 2407 carus

1004 2423 1119 2456 Subtili
1145 2423 1283 2464 ingenio,
