1653 2567
686 124 943 159 —134—

233 222 331 262 Quem
355 224 391 254 tu
415 221 551 261 coluisti,

232 271 297 303 Pro
322 279 383 311 quo
406 269 528 301 inivisti

231 319 354 351 Poenas
378 318 443 349 leto
467 316 562 348 tristi.

352 393 397 421 Ad
417 390 597 427 Magnificat„

196 479 202 486 .
236 452 331 485 Vitae
353 450 438 483 salus
462 448 580 488 valida,

234 499 285 531 Ne
309 508 366 531 nos
389 497 481 536 palus
505 494 652 535 squalida

231 547 361 580 Peccati
387 545 560 583 demergat,

235 595 298 627 Hic
326 602 383 625 nos
409 591 456 622 sic
479 591 689 631 transvergat,

233 641 279 674 Ut
301 642 335 672 in
362 639 446 671 vitae
471 638 552 669 solio

232 689 411 729 Regnemus
438 694 507 717 cum
532 684 664 725 gaudi03

233 736 389 775 Impetret
412 733 473 764 hoc
496 731 651 771 Barbara,

233 783 284 815 Ne
307 791 364 814 nos
389 789 465 821 gens
492 775 587 823 [tam]
612 778 752 810 barbara

232 830 305 862 Diri
330 828 428 870 ducis,
458 827 564 868 taetri,
591 826 701 864 trucis,

231 878 343 909 Hostis
369 875 470 908 crucis
495 876 589 913 atque
610 873 691 905 lucis

234 925 373 958 Seducat
396 922 482 953 vitiis

233 972 299 1003 Nos
326 972 404 1003 dans
429 968 604 1010 suppliciis,

236 1019 300 1052 Sed
326 1019 391 1050 eius
415 1025 473 1056 per
497 1015 675 1055 passionem

231 1066 443 1098 Transeamus
468 1072 527 1103 per
551 1070 681 1102 agonem

233 1113 294 1145 Dei
319 1114 405 1144 sorte
427 1111 512 1142 bona
534 1112 636 1141 morte

234 1161 287 1192 Ad
313 1161 410 1192 vitam
436 1160 607 1189 aeternam.

299 1282 362 1315 Ad
385 1280 570 1312 Matutin
581 1288 651 1312 um.

369 1355 583 1383 invitatorium.

239 1415 363 1455 Lingua
388 1412 477 1444 cordi
502 1413 661 1451 consonet,

238 1462 341 1494 Melos
366 1460 452 1501 pium
478 1461 628 1499 personet

235 1510 289 1541 Ad
314 1510 464 1540 honorem
485 1506 617 1546 virginis

236 1557 385 1588 Laudans
410 1556 520 1586 natum
545 1553 690 1585 hominis.

293 1679 339 1711 In
366 1679 397 1712 1.
422 1677 651 1709 Nocturno.

378 1752 574 1788 Antiphonae.

202 1839 208 1845 .
235 1812 331 1850 Audi,
364 1811 483 1849 hortor,
510 1809 585 1848 quid
610 1809 663 1840 hic
686 1811 789 1841 tortor

237 1857 484 1896 Praetendcbat,
511 1865 582 1888 cum
607 1855 762 1888 fundebat

283 1906 430 1938 Filialem
453 1905 646 1944 sanguinem,

201 1988 208 1995 .
235 1964 300 1996 Sua
323 1966 398 1995 nata
420 1961 489 1993 Deo
515 1964 614 2000 grata,

234 2012 305 2044 Hoc
331 2009 440 2048 doluit,
468 2009 551 2049 quod
579 2009 676 2040 coluit

284 2059 445 2091 Christum
469 2056 572 2088 Deum
594 2056 761 2098 hominem,

201 2143 207 2149 .
232 2116 442 2154 immolatum,
470 2113 642 2145 cruciatum

236 2164 294 2196 Dei
320 2166 440 2203 natum,
466 2161 564 2193 verbo
589 2164 697 2192 natum

281 2212 343 2243 Per
366 2211 517 2242 intactam
544 2209 707 2249 virginem.

377 2295 583 2330 Responsoria.

201 2382 207 2389 .
234 2355 417 2392 Dioscorus,
444 2354 495 2385 vir
518 2353 644 2393 stultus,

232 2403 413 2436 Atrocitate
436 2402 554 2433 multus

844 1038 883 1071 V.

857 1189 888 1220 3.

843 1471 882 1502 V.

915 221 1015 255 Fidos
1044 222 1155 253 contra
1181 218 1389 258 Christianos,

914 270 1000 302 Deos
1024 277 1180 300 venerans
1207 265 1360 307 profanos

963 317 1059 350 Suam
1077 319 1186 348 natam
1212 314 1384 348 custodivit

915 365 953 396 In
978 364 1060 395 turri
1084 363 1223 404 ingente,

915 412 965 444 Ne
994 421 1013 443 a
1036 411 1168 451 procaci
1192 412 1286 451 gente

916 460 1124 498 Cerneretur3
1154 458 1309 498 Barbara,

914 506 1007 546 Fide,
1037 506 1185 539 castitate
1210 505 1306 545 clara,

963 553 1104 586 Conubia
1129 553 1239 595 odivit,

915 602 1020 634 Iesum
1045 609 1195 640 sponsum
1221 608 1388 640 quaerens,

915 649 981 681 Soli
1008 648 1083 680 huic
1107 648 1285 680 adhaerens

963 696 1089 728 Caelica
1111 694 1278 735 quaesivit.

915 754 939 786 Ο
963 752 1110 784 miranda
1138 752 1242 794 pietas

913 800 958 832 Et
981 799 1143 832 laudanda
1168 799 1283 830 caritas

962 847 1072 879 Nostri
1094 846 1273 886 salvatoris,

914 895 973 934 Qui
998 894 1134 926 certanti
1157 893 1307 935 graviter,

913 941 1136 981 Triumphanti
1161 940 1303 972 suaviter

957 990 1062 1021 Adest
1087 989 1207 1019 cunctis
1229 987 1334 1029 horis;

912 1037 1026 1068 Astitit
1045 1038 1082 1067 ut
1103 1035 1230 1075 virgini,

916 1083 970 1115 Sic
993 1086 1024 1114 et
1047 1084 1130 1114 iusto
1153 1082 1282 1122 homini,

957 1130 1029 1162 Hoc
1054 1133 1102 1161 est
1125 1130 1174 1161 sui
1198 1130 1305 1161 moris.

915 1188 1141 1219 Fenestrarum
1165 1189 1258 1226 pater
1283 1186 1359 1217 bina

963 1233 1049 1266 Strui
1074 1234 1169 1266 iussit
1191 1234 1281 1273 solia,

915 1282 953 1313 In
978 1282 1172 1313 thermarum
1194 1281 1266 1313 loca
1290 1281 1377 1312 trina

962 1328 1050 1359 Fieri
1077 1329 1133 1360 dat
1156 1327 1223 1360 filia

915 1376 944 1407 A
970 1376 1113 1415 paternis
1138 1374 1265 1407 famulis

917 1423 1026 1455 Crucis
1054 1432 1123 1454 cum
1147 1423 1328 1463 signaculis,

912 1471 960 1504 Ut
981 1471 1050 1501 laus
1078 1471 1216 1510 deitatis,

915 1517 1061 1549 Summae
1085 1518 1248 1557 trinitatis,

960 1565 1143 1597 Innotescat
1165 1565 1303 1605 populis

978 1709 1023 1740 In
1051 1711 1082 1740 2.
1108 1708 1339 1743 NocturnO.

1061 1792 1255 1828 Antiphonae.

883 1885 889 1891 .
916 1859 1014 1891 Pater
1040 1868 1109 1891 cum
1134 1863 1346 1904 cognosceret,

916 1906 1006 1938 Haec
1030 1908 1114 1946 quod
1140 1908 1300 1940 Christum
1326 1909 1446 1941 coleret

916 1955 1023 1993 Atque
1047 1958 1156 1988 sancte
1181 1956 1304 1987 viveret

963 2001 1046 2033 Fide
1072 2002 1264 2045 Christiana,

882 2085 889 2092 ,
916 2058 1046 2097 Quaerit
1069 2059 1152 2091 hanc
1176 2060 1334 2100 perimere

916 2106 961 2138 Et
984 2107 1100 2146 spatha
1123 2107 1320 2151 transfigere,

917 2153 970 2185 Sic
993 2154 1064 2185 neci
1088 2155 1233 2187 subicere

965 2202 1073 2234 Mente
1098 2203 1267 2236 malesana.

882 2283 890 2291 .
916 2258 1015 2298 Lapis
1042 2268 1110 2291 eam
1137 2260 1261 2303 celavit,

917 2307 1006 2346 Quod
1032 2307 1175 2340 Christus
1203 2309 1343 2351 donavit,

918 2354 972 2386 Sic
996 2355 1080 2394 quod
1103 2359 1181 2387 tunc
1202 2357 1340 2390 cessavit

965 2402 1054 2434 Ultio
1079 2403 1224 2444 profana.
