1653 2567
675 85 933 120 -113—

280 180 327 211 In
353 181 384 213 3.
411 179 642 216 Nocturno.

358 244 557 281 Antiphonae.

160 301 190 334 1.
217 302 356 342 Quorum
379 303 446 335 vita
470 304 611 336 moribus

264 348 371 382 Sacris
398 350 549 393 enitebat,

216 397 277 429 His
304 396 389 429 Deus
414 398 640 438 splendoribus

263 444 364 478 Novis
390 445 578 485 adparebat.

158 503 190 536 2.
217 502 376 534 Illustrati
408 502 540 535 caelitus

265 549 320 582 Sic
343 552 449 582 mente
475 548 651 591 fervebant,

218 597 309 636 Quod
334 606 479 630 maerore
503 598 636 639 spiritus

262 647 303 679 In
329 654 425 678 carne
449 647 610 681 vivebant.

159 703 191 737 3.
217 702 281 735 Tot
305 702 394 743 pleni
418 703 591 736 virtutibus

263 750 450 783 Existentes
476 752 547 794 tuti,

217 797 376 831 Carebant
400 808 420 830 a
445 797 611 832 fraudibus

261 845 433 880 Daemonis
457 847 586 881 versuti.

352 923 561 959 Respousoria.

157 980 188 1013 1.
215 980 377 1013 Passionis
403 981 508 1015 socius

216 1028 369 1069 Futurus,
397 1028 564 1072 Georgius,

262 1076 398 1108 Sanctus
424 1077 602 1116 coenobita,

215 1123 313 1156 Venit
334 1124 374 1155 ad
399 1124 577 1163 Aurelium,

217 1170 403 1211 Congaudet
429 1172 601 1212 hospitium

262 1219 301 1252 In
327 1223 437 1252 sancto
463 1220 570 1254 levita.

143 1267 180 1301 V,
212 1266 258 1300 Ut
282 1267 447 1306 praedixit
470 1268 551 1301 visio

213 1314 263 1347 De
288 1318 400 1348 sancto
427 1315 575 1357 Georgio,

267 1362 467 1403 completum
487 1367 541 1396 ‘est
565 1364 621 1397 ita.

157 1422 188 1452 2.
216 1420 332 1453 Statim
358 1421 426 1453 viso
453 1420 591 1463 Georgio

262 1468 381 1501 Sanota
407 1469 524 1501 elamat
549 1469 697 1504 Natalia:

311 1518 451 1551 Consors
477 1519 528 1549 est
552 1517 606 1549 hie
627 1527 773 1560 coronae,

213 1565 313 1605 Quam
339 1564 433 1597 nobis
458 1563 579 1605 absque
606 1566 703 1600 dubio

261 1612 382 1646 Divina
407 1613 612 1652 providentia

313 1660 447 1694 Paravit
470 1661 504 1693 in
530 1670 639 1702 agone.

147 1710 184 1743 V.
215 1709 284 1741 Iam
309 1708 444 1749 spiritus
469 1708 589 1742 iudicia

219 1756 376 1798 Cognovit
399 1756 489 1797 haee,
518 1766 599 1797 quae
623 1757 757 1798 praevia

314 1804 452 1838 Viderat.
476 1805 607 1841 visione.

157 1864 188 1897 3.
217 1863 241 1895 O
271 1862 365 1903 digne
386 1863 550 1905 memoria,

217 1910 366 1944 Glorians
389 1911 423 1943 in
447 1912 555 1952 patria

264 1959 455 1992 Praedule1s
480 1961 605 2002 Aureli,

216 2007 293 2040 Cum
320 2009 377 2048 pia
402 2006 534 2041 Natalia

217 2056 265 2088 Te
289 2055 368 2088 feeit
392 2066 450 2099 par
476 2057 581 2098 gratia

264 2105 463 2138 Goheredem
488 2105 579 2139 caeli.

148 2151 182 2184 V.
214 2153 422 2187 Praesentem
449 2152 601 2186 familiam

215 2201 294 2234 Post
317 2202 429 2235 mundi
455 2202 618 2234 miseriam

262 2249 380 2291 Iungas
406 2251 531 2284 Israeli.

222 2318 306 2346 Brev.
333 2326 387 2345 mS.
409 2317 593 2345 Voraviense
616 2314 678 2344 157.
705 2322 780 2342 saec.
805 2311 847 2341 14.
874 2326 911 2332 ——
944 2313 985 2340 In
1016 2310 1040 2338 1.
1068 2312 1170 2349 Vesp.

1018 182 1079 215 Ad
1105 182 1282 216 Laudes.

1053 246 1251 282 Antiphonae.

848 295 878 328 1.
905 294 1056 327 Caritatis
1085 293 1230 327 fervidae

952 342 1082 374 Robore
1106 342 1220 374 muniti

904 388 1102 423 Profitentur
1121 389 1230 422 lucide

951 436 1068 469 Fidem
1094 436 1252 477 requisiti.

845 496 877 527 2.
904 493 1040 526 Domum
1066 502 1123 526 seu
1150 493 1328 526 convivium

952 542 1092 574 Mortem
1116 544 1303 582 reputantes

906 588 1047 622 Currum:
1067 590 1110 622 ad
1134 589 1291 622 iudicium

953 637 1016 670 Pro
1044 638 1171 671 Christo
1196 637 1354 668 laetantes

848 695 879 727 3.
907 694 943 727 In
969 693 1085 726 iudicis
1111 694 1303 734 praesentia,

954 742 1116 782 Quidquid
1141 739 1234 774 floret
1256 739 1435 783 profanum,

905 790 968 823 Pro
996 789 1072 822 fidei
1099 789 1278 822 constantia

953 837 992 869 Id
1018 837 1129 869 dieunt
1154 846 1223 869 esse
1248 845 1374 869 vanum.

847 896 879 928 4.
908 893 1053 934 Quinque
1079 894 1202 927 dierum
1227 893 1331 934 spatio

954 942 1139 974 Passionem
1158 941 1348 981 dilatabant,

906 990 1015 1022 Seram
1042 990 1200 1029 putabant
1225 988 1341 1030 gaudio

955 1037 1095 1077 Gloriae,
1123 1046 1216 1078 quam
1242 1036 1425 1077 sperabant.

850 1096 879 1127 5.
906 1094 1033 1127 Scalam
1060 1095 1164 1127 caelos
1190 1095 1357 1135 attingere,

958 1142 1048 1174 Vidit,
1071 1142 1154 1174 alter
1178 1142 1318 1181 illorum,

905 1191 974 1230 Qua
999 1189 1162 1222 debebant
1185 1190 1359 1222 ascendere

954 1237 1057 1278 Super
1082 1238 1149 1270 alta
1174 1238 1343 1270 caelorum.

1026 1304 1073 1332 Ad
1092 1304 1279 1332 Benedictus.

835 1353 875 1387 A.
907 1353 1031 1393 Aureli,
1058 1353 1108 1385 vir
1134 1353 1271 1393 egregie,

952 1401 1013 1440 Qui
1038 1408 1108 1437 cum
1132 1403 1245 1432 saneta
1271 1399 1400 1433 Natalia

906 1448 1075 1489 Georgium
1103 1448 1258 1481 victoriae

952 1497 1158 1536 Felicemque
1183 1505 1252 1527 eum
1279 1496 1367 1528 socia

1005 1543 1190 1576 Consortem
1215 1543 1365 1584 habuisti,

908 1592 999 1632 Roga
1022 1595 1147 1632 patrem
1174 1591 1372 1632 clementiae,

954 1641 1116 1680 Quatenus
1144 1640 1220 1672 data
1245 1641 1339 1673 venia

908 1686 1096 1721 Glorificata
1120 1686 1204 1720 facie

956 1735 1163 1768 Perfruamur
1188 1736 1220 1768 in
1246 1735 1353 1776 patria

1001 1784 1132 1816 Domini
1157 1783 1231 1817 iesu
1257 1782 1385 1816 Christi.

977 1881 1024 1914 In
1052 1882 1083 1914 2.
1111 1881 1220 1921 Vesp
1233 1880 1329 1912 eris.

1029 1946 1076 1975 Aa
1099 1946 1281 1984 Magnificat.

839 2007 876 2041 A.
908 2006 1005 2038 Sacer
1031 2005 1156 2046 Aureli,
1182 2013 1239 2037 vas
1265 2012 1406 2046 aureum,

954 2052 1033 2092 Fae,
1060 2054 1147 2093 quod
1173 2052 1279 2084 emisti
1299 2052 1464 2092 sanguine,

1007 2101 1179 2134 Commune
1203 2100 1295 2133 nobis
1320 2109 1444 2139 aurum,

909 2149 976 2189 Quo
1003 2158 1222 2189 comparemus
1251 2177 1257 2183 .
1284 2177 1290 2183 .
1320 2177 1326 2183 .
1359 2177 1362 2183 .

960 2197 1110 2230 Viventes
1136 2198 1205 2229 sine
1232 2197 1366 2228 ermiine

1006 2245 1243 2285 Sempiternum
1274 2244 1469 2279 thesaurum.

1200 2311 1246 2340 Ad
1265 2311 1364 2349 Magn.
1398 2310 1430 2348 Α,
1453 2311 1470 2340 5

145 2356 219 2384 Cum
243 2357 383 2385 Felieam.
410 2372 450 2377 —
479 2356 522 2383 In
542 2354 653 2383 Laud.
687 2351 709 2380 Α
739 2350 766 2387 3,
788 2350 808 2380 4
834 2353 881 2380 Ita
908 2351 1007 2379 dicent
1030 2359 1102 2379 esse.
1129 2366 1167 2370 —
1199 2350 1243 2379 Ad
1263 2351 1371 2380 Bened.
1400 2349 1432 2386 Α,
1454 2349 1471 2379 9

145 2395 178 2424 in
197 2394 278 2424 fehlt.

200 2448 235 2472 m
242 2453 287 2471 um
294 2455 317 2474 e,
338 2446 463 2471 Historiae
475 2445 632 2474 rhythmicae.
662 2444 691 2467 V.

1281 2435 1300 2466 8
