1653 2567
715 118 972 154 —118—

314 217 360 248 In
387 217 417 249 2.
445 215 636 247 Nocturn
650 224 678 249 0.

398 281 594 317 Antiphonae.

201 339 231 371 1.
258 339 377 372 Femur
403 339 500 379 cingit
524 339 640 380 gladio,

256 386 337 418 Dum
366 386 505 418 decurrit
529 387 633 419 stadio

303 434 418 466 Mundi
441 434 563 473 pellens
589 434 708 477 vitium,

306 482 360 514 Sic
385 484 549 520 exspectat
572 481 726 513 bravium.

226 561 233 568 .
260 538 378 570 Arcum
406 536 501 577 fregit
527 541 557 568 et
582 538 707 578 subegit

303 583 432 625 Ignibus
456 585 619 624 perfidiae,

258 634 368 671 Arma,
393 635 492 672 scuta,
519 632 631 672 quibus
657 636 725 664 tuta

303 679 387 711 Lues
413 683 481 710 erat
504 680 672 719 nequitiae.

224 762 231 769 .
257 736 371 767 Portas
395 734 467 766 Sion
494 734 657 777 patefecit,

257 781 478 814 Fundamenta
505 782 578 814 dum
602 782 749 822 perfecit,

305 829 469 861 Scandens
494 839 591 870 super
616 831 733 863 sidera.

392 894 600 930 Responsoria.

228 969 235 976 .
262 943 449 984 Peregrinos
475 952 601 976 sumens
625 946 730 977 vultus

308 992 404 1023 Pater
428 992 533 1031 pergit
556 1000 691 1032 peregre

257 1038 308 1070 Ad
330 1036 481 1077 profanos
500 1039 633 1070 tendens
660 1040 773 1078 cultus,

304 1085 387 1116 Dum
410 1085 518 1123 puella
540 1094 670 1117 cernere

260 1133 292 1164 It
316 1131 483 1171 cancellos,
509 1133 591 1164 vidit
615 1133 706 1165 binos

304 1178 415 1210 Turris
439 1179 471 1209 in
499 1181 667 1219 cacumine,

218 1250 224 1256 .
255 1226 309 1258 Sic
332 1225 439 1257 invitis
463 1226 552 1258 iubet
576 1227 652 1259 addi

304 1272 445 1304 Tertium
469 1274 690 1308 structoribus.

230 1355 235 1360 .
264 1330 362 1361 Pater
387 1329 461 1360 dum
486 1331 666 1369 revertitur,

257 1376 334 1408 Mox
362 1375 401 1408 de
426 1384 521 1408 causa
546 1378 707 1416 quaeritur

304 1423 412 1454 Trium
439 1424 669 1465 cancellorum3

260 1470 352 1502 Stant
373 1472 546 1503 structores
573 1472 784 1504 exclamantes

257 1517 301 1549 Et
325 1518 463 1558 puellam
486 1518 667 1550 incusantes

306 1565 405 1597 Simul
431 1566 675 1606 commissorum,

218 1638 225 1645 .
258 1612 356 1651 Quam
382 1616 554 1644 commotus
579 1616 670 1654 pater
694 1615 779 1644 totus

311 1660 483 1691 Dioscorus
508 1661 702 1700 aggreditur.

225 1740 230 1746 .
256 1715 340 1747 Dum
365 1716 522 1755 perquirit
546 1717 594 1748 rei
620 1726 756 1757 causam,

261 1762 389 1795 Nullam
414 1764 514 1795 trahit
539 1764 625 1804 virgo
650 1773 794 1805 pausam,

307 1809 371 1843 Sed
397 1813 578 1843 constanter
602 1812 761 1851 loquitur:

258 1857 337 1889 Tres
354 1860 428 1890 sunt
443 1859 593 1890 mundum
610 1859 809 1891 illustrantes

259 1905 304 1937 Et
327 1905 491 1937 stellarum
514 1906 695 1946 regulantes

308 1953 439 1985 Cursum
466 1956 506 1993 et,
533 1954 616 1993 quod
643 1955 761 1994 tegitur

220 2027 226 2035 .
258 2000 466 2033 Firmamenti
490 2003 555 2032 tam
582 2001 706 2033 decenti

308 2048 372 2080 Sub
398 2048 525 2079 stellato
552 2049 691 2083 cardine.

320 2143 365 2175 In
399 2144 429 2175 3.
457 2142 682 2177 Nocturno.

398 2209 594 2245 Antiphonae.

226 2283 234 2290 .
258 2258 312 2289 Dii
337 2258 477 2298 gentium
503 2259 668 2298 sophistici

307 2308 339 2337 et
363 2314 470 2337 omnes
498 2306 704 2348 daemoniaci,

261 2353 329 2393 Est,
357 2353 410 2393 qui
435 2354 536 2385 trinus
562 2358 672 2395 regnat
696 2364 776 2387 unus

308 2404 413 2432 rector
437 2402 522 2435 orbis
549 2403 669 2435 caelici.

880 217 911 247 2.

868 925 904 958 V.

881 1077 911 1109 2.

870 1842 907 1873 V.

939 214 1192 256 confundantur,
1220 216 1273 255 qui
1298 215 1465 247 laetantur.

985 262 1150 295 Laudibus
1173 262 1380 303 sculptilium,

943 310 1029 343 Vivit
1053 312 1155 349 pater,
1182 311 1231 342 cui
1257 319 1348 342 sacer

988 357 1093 390 Servit
1117 367 1194 398 grex
1219 357 1370 391 fidelium.

908 440 915 447 .
942 416 978 447 In
1004 414 1088 447 tubis
1116 414 1287 446 ductilibus

987 462 1135 495 buccinet
1159 463 1326 501 exercitus,

941 510 1035 542 Caelo
1057 510 1130 549 quia
1147 510 1324 542 Bai-baram

987 558 1151 590 coronavit
1173 557 1338 591 Dominus,

1080 632 1288 667 Responsoria.

906 715 912 721 .
939 689 1010 721 Hoc
1033 689 1212 721 mirandum
1239 690 1369 729 cernite,

939 738 1061 775 Quanto
1087 737 1263 776 sapientiae

987 785 1091 816 Parva
1117 784 1197 815 dono
1223 783 1340 824 floruit,

938 831 1022 863 Dum
1047 831 1183 871 sigillum
1208 832 1362 863 trinitatis

988 878 1084 912 Cordi
1109 877 1242 910 formam
1264 879 1396 920 imbuit;

941 926 1033 957 Hanc
1060 926 1115 957 dat
1138 929 1231 965 pater
1256 924 1411 967 flagellari

938 973 981 1004 Et
1007 975 1139 1013 angusto
1163 974 1339 1013 mancipari

985 1019 1104 1052 Montis
1129 1020 1161 1051 in
1186 1021 1321 1061 tugurio.

937 1076 1022 1108 Hinc
1046 1074 1175 1109 adflicta
1200 1080 1424 1116 praesentatur

985 1123 1146 1156 Praesidis
1173 1125 1325 1163 aspectui,

938 1170 1001 1202 Sed
1027 1170 1131 1202 libare
1157 1172 1348 1212 dedignatur

987 1218 1150 1250 Idolorum
1172 1219 1280 1258 cultui,

938 1265 1041 1297 Huius
1067 1274 1193 1297 carnem
1219 1267 1354 1299 lacerari

937 1312 983 1344 Et
1006 1313 1039 1344 in
1066 1315 1136 1344 arta
1161 1314 1315 1346 vinculari

984 1359 1121 1392 Rursum
1145 1360 1234 1392 iubet
1262 1362 1412 1404 clausula,

936 1406 1037 1438 Deum
1063 1410 1135 1439 orat
1159 1411 1191 1439 et
1214 1408 1333 1441 irrorat

936 1453 1008 1486 Lux
1035 1456 1074 1487 de
1099 1455 1197 1495 caelo,
1225 1457 1312 1488 euius
1338 1458 1410 1490 velo

988 1502 1124 1534 Sanatur
1147 1505 1352 1542 paupercula.

907 1584 914 1590 .
941 1559 1074 1590 Praeses
1106 1560 1218 1591 videns
1244 1561 1326 1592 hanc
1350 1567 1493 1594 sanatam

985 1606 1056 1638 Diis
1082 1606 1239 1639 adscribit
1263 1609 1407 1652 gloriam,

939 1653 1038 1693 Virgo
1062 1653 1124 1685 Dei
1149 1654 1225 1686 hinc
1250 1656 1389 1690 nudatur

986 1701 1031 1732 Et
1054 1710 1113 1741 per
1139 1702 1223 1734 vicos
1249 1704 1398 1746 trahitur,

941 1748 1016 1780 Orat
1043 1752 1075 1780 et
1098 1758 1157 1788 per
1182 1751 1328 1790 angelum

941 1795 1082 1836 Suscipit
1105 1796 1288 1838 induvium;

940 1842 993 1874 Sic
1016 1847 1150 1883 tyranno
1176 1846 1324 1878 redditur

939 1890 983 1921 Et
1004 1891 1038 1922 in
1062 1894 1168 1923 monte
1193 1893 1345 1932 plectitur

992 1938 1085 1979 Virgo
1109 1939 1258 1979 gloriosa.

1031 2034 1047 2066 Ι
1056 2042 1076 2065 n
1102 2034 1129 2065 L
1138 2043 1157 2066 a
1165 2044 1187 2066 u
1197 2035 1238 2067 di
1249 2036 1267 2068 b
1278 2046 1299 2068 u
1308 2046 1333 2070 s,

1081 2099 1276 2135 Antiphonae.

885 2156 915 2188 1.
943 2155 1126 2189 Praecinxit
1146 2158 1317 2201 ingenuam

987 2204 1141 2237 Dominus
1166 2207 1348 2249 splendore,

943 2251 1026 2283 Dum
1050 2250 1190 2285 firmavit
1211 2255 1362 2288 thronum
1388 2256 1454 2289 eius

991 2308 1087 2332 aureo
1113 2299 1246 2342 fulgore.

890 2357 920 2389 2.
946 2356 1068 2389 Sternit
1090 2357 1123 2389 in
1147 2358 1272 2392 laetitia

994 2404 1148 2437 cervicem
1173 2408 1309 2452 agnella,
