1653 2567
225 215 262 247 In
289 214 411 247 foribus
435 216 568 247 mortem
593 222 663 246 esse

268 262 445 302 Iosephque
469 261 637 303 indicaret,

223 310 262 343 In
287 309 402 350 spiritu

271 357 409 389 Basilius
433 356 547 388 medici

226 403 422 445 Cognoscens
446 403 598 436 iudicium

223 452 276 484 Ad
302 460 373 483 cum
397 450 515 491 inquit:

225 498 297 531 Non
321 501 386 530 tam
412 498 473 530 cito

271 545 415 577 imminet
439 544 587 584 exitiunr,

153 593 191 625 V.
225 592 332 626 Hodie
357 593 404 624 sol
430 601 498 624 cum
524 593 590 624 sole
614 592 748 632 occidet,

274 640 411 672 Iudaeus
432 639 549 679 Ioseph
573 638 676 680 fatum

229 687 362 720 Praesul
386 687 458 727 pius
486 687 582 719 dixit:
609 687 691 726 Non,

274 734 331 767 sed
356 737 479 773 tempus
504 737 702 775 prorogatur.

165 792 199 826 3.
223 791 276 823 Ad
300 791 457 822 medicum

223 837 347 870 Blando
373 846 516 870 sermone

223 885 355 918 Praesul
379 885 491 917 beatus

223 932 280 964 Ait,
303 932 458 964 Basilius:

222 979 276 1011 Ad
309 980 418 1011 horam
444 980 472 1011 si
495 980 606 1012 vixero

225 1025 302 1059 Cras
327 1034 437 1064 nonae,
463 1026 539 1067 quid
565 1026 626 1058 erit

224 1072 287 1105 Dic
310 1073 387 1105 mihi
414 1071 590 1105 concitius‘?

224 1120 314 1158 Quod
339 1120 476 1152 hortaris
502 1119 627 1161 faciam,

226 1167 296 1199 Hoc
320 1167 348 1199 si
374 1168 544 1208 contingat,
569 1170 679 1208 pater3

222 1212 376 1247 Invenisti
398 1215 542 1255 gratiam,

226 1261 363 1293 Basilius
390 1262 563 1306 respondit,

272 1317 345 1340 care
369 1307 480 1341 frater.

156 1355 192 1388 V.
225 1355 357 1388 Praesul
382 1356 472 1397 vixit,
498 1359 533 1388 ut
557 1356 710 1397 narravit,

219 1403 398 1442 Iosephque
424 1403 639 1447 catechizavit,

228 1450 281 1482 Sic
305 1450 386 1482 lucri
412 1450 479 1482 Deo
505 1449 661 1482 medicum

222 1497 316 1529 Fecit
341 1500 373 1530 et
397 1498 582 1537 angelicum.

286 1630 331 1661 In
358 1631 388 1662 3.
415 1629 644 1662 Nocturno.

372 1703 566 1740 Antiphonae.

170 1771 201 1805 1.
229 1771 363 1804 Sanctus
388 1772 420 1803 in
446 1771 650 1804 tabernaculo

272 1818 351 1858 Tuo,
376 1818 473 1858 Deus,

319 1867 420 1898 laetus
445 1866 616 1906 requiescit

224 1912 401 1953 Mundique
424 1913 550 1953 piaculo

274 1961 438 1993 Resistens

319 2009 556 2048 inquinamenta
580 2010 689 2041 nescit.

167 2067 198 2099 2.
223 2065 302 2098 Eius
329 2065 521 2098 desiderium

273 2114 409 2145 Animae

321 2160 383 2193 sibi
406 2161 558 2204 tribuisti,

224 2209 398 2240 Terrenum
425 2209 499 2242 dum
523 2209 691 2249 imperium

273 2255 433 2290 vincendi

320 2303 417 2337 robur
442 2304 471 2336 ei
497 2304 667 2339 contulisti.

776 115 845 152 144
892 134 936 139 —

849 214 879 245 3.
905 211 1030 243 Memor
1054 210 1133 251 eius,
1158 209 1257 248 Deus,
1283 206 1382 247 fuisti,

843 554 874 589 1.

832 1347 869 1380 V.

902 259 997 291 Hunc
1021 259 1063 290 ad
1086 260 1119 290 te
1145 258 1218 290 dum
1243 255 1382 288 allexisti

951 306 1039 339 Mira
1062 305 1182 346 pietate

951 355 1140 393 Contempta
1163 353 1313 385 vanitate.

1043 466 1251 501 Responsoria.

900 554 1080 587 Fallentem
1103 552 1256 584 mundum
1280 552 1408 584 vincere

951 600 1118 640 Supplices

997 648 1049 680 fac
1073 650 1154 690 tuos,
1180 649 1273 686 pater
1297 647 1359 686 pie,

901 696 987 735 Quae
1014 703 1137 727 sursum
1161 697 1247 735 sunt,
1274 694 1398 734 elicere,

948 743 1030 784 Non,
1051 750 1131 782 quae
1143 742 1319 782 inquinant,
1339 740 1455 773 sectari

996 790 1088 821 huius
1121 789 1339 821 blandimenta
1372 789 1452 822 viae.

901 837 990 870 Labe
1014 845 1176 877 respersos
1199 844 1288 876 exue,

904 885 958 917 Ad
982 887 1015 916 te
1039 881 1173 915 reflexos
1197 884 1296 916 indue

954 931 1073 964 Salutis
1098 931 1296 972 vestimento,

950 978 1045 1011 Fidei
1070 977 1266 1012 fulcimento.

870 1090 877 1097 .
902 1064 949 1096 Te
975 1064 1112 1096 colentes
1136 1064 1191 1103 pio
1216 1063 1314 1096 corde

903 1110 969 1143 Nos
995 1119 1146 1143 conserva
1172 1111 1241 1142 sine
1264 1111 1367 1153 sorde,

902 1158 949 1191 Ut
972 1159 1103 1190 sinceris
1128 1158 1266 1197 monitis,

903 1204 974 1237 Non
998 1205 1155 1237 mentibus
1181 1205 1334 1246 attonitis,

903 1252 949 1284 Te
973 1252 1062 1292 sequi
1086 1261 1272 1293 mereamur,

903 1299 1012 1332 Licitis
1036 1302 1171 1332 utamur.

900 1346 1074 1379 Doctrinae
1093 1349 1167 1378 tuae
1188 1345 1295 1379 favum
1320 1347 1423 1379 mellis

903 1393 971 1426 Nos
996 1396 1132 1435 gustare,
1158 1394 1221 1434 fac,
1245 1402 1287 1426 ne
1313 1393 1398 1426 fellis

903 1441 1072 1473 Acerbitas
1100 1440 1223 1473 inficiat

904 1489 942 1521 In
967 1488 1087 1521 Christi
1115 1488 1222 1531 laude,

952 1537 1009 1568 sed
1033 1545 1122 1568 mens
1146 1538 1258 1568 nostra
1280 1534 1437 1575 proficiat,

872 1647 878 1653 .
906 1622 930 1654 O
957 1619 1172 1653 confessorum

947 1668 1070 1708 lampas
1094 1668 1203 1700 lucens
1230 1668 1325 1709 clare,

906 1716 1017 1755 Basili,
1045 1716 1156 1749 doctor

949 1764 1122 1803 praecelse,
1151 1771 1234 1805 care,

905 1810 1032 1843 Nostris
1057 1811 1089 1842 in
1120 1811 1273 1852 angustiis

953 1858 1054 1891 Tuum
1078 1862 1208 1898 praesta
1232 1858 1387 1897 levamen,

903 1906 992 1939 Caeli
1015 1914 1072 1937 nos
1095 1905 1191 1946 iunge
1216 1906 1347 1946 nuptiis,

950 1953 1078 1985 Almum
1136 1953 1191 1986 ubi
1244 1954 1434 1993 propinatur

1237 2000 1362 2035 flamen.

902 2047 1003 2081 Basili
1027 2050 1129 2088 pater,

952 2094 1097 2135 pontifex
1122 2096 1257 2137 egregie,

904 2144 980 2176 Post
1003 2146 1137 2175 mortem

953 2190 1082 2231 applica
1106 2200 1163 2223 nos
1185 2191 1303 2235 regiae,

906 2238 991 2278 Quae
1018 2237 1106 2270 ducit
1130 2239 1173 2271 ad
1195 2247 1380 2279 empyreum

905 2286 1008 2328 Regni
1034 2287 1179 2319 caelestis
1205 2287 1329 2323 solium,
