1653 2567
733 126 993 161 -245—

278 222 351 255 Nisi
378 222 517 263 Christo,

329 271 379 302 cui
406 269 626 312 committitur,

206 318 241 351 V.
276 317 383 350 Corde
409 318 514 350 credit,

325 367 357 397 et
382 373 438 396 ore
462 365 614 406 loquitur,

277 412 376 445 Nullo
403 413 502 453 cedit,

320 470 340 492 a
363 461 452 494 nullo
480 461 630 494 vincitur.

337 606 386 637 In
414 605 445 637 3.
473 605 704 639 NocturnO.

422 678 620 716 Antiphonae.

218 738 249 771 1.
276 737 447 778 Dympnae
472 739 683 772 sanctimonia

321 785 399 817 Fuit
424 786 642 829 pulchritudo,

277 833 378 872 Quam
406 833 488 865 ditat
511 835 545 866 in
570 835 673 875 gloria

326 881 421 914 Vitae
445 881 621 924 longitudo.

218 950 252 982 2.
276 947 356 980 Eius
381 948 414 980 in
442 948 577 980 circuitu

326 996 438 1028 Nubes
463 1005 524 1028 nec
549 997 662 1039 caligo,

278 1044 343 1076 Sed
368 1044 402 1076 in
427 1047 538 1075 sancto
563 1045 680 1084 spiritu

324 1091 529 1133 Tripudium‚

326 1139 405 1178 Pax,
434 1139 570 1171 dulcedo
597 1139 738 1172 cordium

326 1186 424 1219 Lucis
450 1190 483 1218 et
507 1186 605 1226 origo.

219 1256 250 1288 3.
277 1253 332 1285 Ad
359 1254 511 1286 honorem
537 1254 674 1287 nominis

327 1301 407 1333 Eius
433 1309 634 1333 recensemus

279 1348 490 1389 Triumphum
518 1349 701 1382 certaminis

327 1395 511 1441 Mirificum‚

328 1444 454 1477 Novum
480 1445 586 1477 laudis
613 1445 771 1477 canticum

322 1492 460 1524 Domino
487 1495 662 1527 cantemus

411 1576 621 1613 Responsoria.

218 1636 251 1668 1.
279 1635 378 1675 Vigor
402 1635 498 1667 huius
522 1636 658 1677 virginis

278 1682 335 1714 Nil
363 1683 462 1715 distat
487 1684 527 1716 ab
553 1684 689 1717 hominis

324 1731 415 1763 Ausu
439 1731 504 1763 iam
529 1732 680 1773 admisso,

281 1780 381 1818 Quam
409 1780 520 1820 nequit
543 1779 708 1813 inflectere

275 1826 382 1859 Furor
406 1828 511 1868 gentis
535 1830 672 1862 miserae

325 1876 416 1908 Metu
440 1877 489 1908 vel
515 1878 693 1917 promisso;

207 1924 243 1957 V.
276 1923 366 1956 Bona
389 1924 579 1966 coniugatio,

276 1971 363 2004 Rosa
386 1972 487 2005 nubet
507 1973 576 2005 lilio

322 2020 533 2062 Purpuraque
558 2021 665 2063 bysso.

216 2090 247 2122 2.
272 2087 418 2120 Tandem
443 2096 576 2128 regnum

321 2145 382 2176 pro
409 2135 502 2170 domo
528 2140 636 2170 terrea

272 2183 429 2215 Passione

323 2234 519 2265 commutans
545 2242 647 2278 rosea,

274 2279 437 2312 Genitom's

321 2328 484 2361 occumbit
512 2327 645 2371 framea,

201 2378 239 2410 V.
270 2375 401 2409 Rubens
427 2375 507 2408 foris

323 2428 355 2456 et
378 2425 466 2457 intus
491 2425 595 2459 nivea.

910 224 942 257 3.

967 222 1160 254 Admiratur
1185 221 1266 254 ratio

966 270 1123 309 Martyris
1149 268 1208 302 sub
1233 270 1340 302 modio

1019 317 1143 357 Corpus
1170 317 1281 349 vivens
1306 319 1476 357 mortuum,

1018 365 1114 398 Cuius
1137 374 1228 397 usum
1253 374 1401 397 sensuum

1013 413 1203 453 Digitosque
1231 422 1381 445 manuum

966 460 1142 493 Restaurat
1167 461 1291 504 orati03

1014 508 1115 541 Nobis
1141 509 1173 540 in
1199 512 1390 548 perpetuum

1016 557 1077 588 Per
1101 556 1185 588 hanc
1208 556 1251 587 sit
1275 564 1462 589 excessuum

965 605 1157 636 Nostrorum
1182 604 1339 638 remissio,

1056 747 1073 780 Ι
1082 756 1102 778 n
1126 746 1154 778 L
1163 756 1212 779 au
1223 747 1241 778 d
1252 747 1264 777 i
1273 747 1293 779 b
1303 756 1355 779 uS.

1112 820 1307 858 Antiphonae.

939 906 946 914 .
974 879 1124 912 Sanctam
1148 880 1332 921 Dympnam
1357 879 1512 913 Dominus

1015 928 1127 961 Induit
1152 928 1277 970 decore,

968 976 1032 1008 Pro
1058 984 1119 1015 quo
1144 976 1297 1007 mundum
1322 979 1447 1015 respuit,

1018 1023 1097 1056 Cum
1121 1023 1276 1055 honorum
1300 1022 1389 1056 flore.

970 1099 1086 1132 cordis
1113 1108 1185 1130 cum
1208 1099 1335 1130 laetitia

1015 1147 1152 1179 Domino
1178 1147 1321 1189 servivit,

970 1194 1066 1228 Cuius
1093 1195 1135 1226 ad
1158 1194 1299 1226 iustitiae

1016 1244 1132 1275 Portas
1156 1242 1314 1274 introivit.

934 1343 941 1350 .
968 1318 1051 1351 Tota
1074 1321 1182 1350 mente
1205 1317 1328 1358 fugieni

1020 1366 1135 1399 Carnis
1158 1366 1356 1398 incentivum

968 1413 1153 1454 Exquisivit
1181 1413 1292 1446 sitiens

1015 1462 1129 1504 Deum,
1156 1460 1276 1494 fontem
1303 1461 1421 1493 vivum.

968 1539 1113 1571 Vernaus
1139 1538 1240 1582 signis

1017 1589 1049 1618 et
1072 1595 1134 1626 ope
1157 1586 1280 1625 sedula,

967 1634 1068 1674 Quem
1090 1634 1125 1665 in
1149 1634 1246 1666 terris

1018 1682 1170 1723 exaltant,
1197 1682 1332 1723 singula,

967 1730 1137 1763 Benedicit

1016 1787 1086 1810 eum
1111 1779 1144 1810 in
1170 1778 1308 1812 saecula.

968 1856 1084 1889 Omnes
1106 1859 1214 1888 terrae
1238 1856 1367 1889 termini

1015 1905 1097 1938 Cum
1120 1905 1182 1936 hac
1205 1907 1316 1937 sanctu
1339 1903 1400 1935 Dei

965 1952 1116 1985 Laudent,
1139 1960 1252 1985 nomen
1278 1952 1407 1984 Domini

1015 2000 1193 2034 Iubilantes
1219 2000 1258 2033 ei.

1083 2104 1130 2132 Ad
1154 2104 1338 2132 Benedictus.

965 2183 1109 2223 Festina,
1136 2191 1177 2214 ne
1202 2182 1383 2215 tardaveris

968 2231 1143 2271 Nobisque,
1168 2233 1282 2271 mater,
1308 2230 1435 2264 miseris

1016 2278 1158 2311 Infunde
1183 2288 1288 2312 rorem
1313 2280 1444 2323 gratiae,

970 2327 1015 2360 Ut
1040 2327 1146 2359 carnis
1171 2329 1301 2360 nostrae
1324 2327 1412 2360 vitiis

968 2375 1149 2407 Submersis
1176 2384 1247 2408 cum
1268 2376 1440 2419 Aegyptiis

1011 2424 1130 2456 Tecum
1156 2423 1301 2457 fruamur
1324 2426 1445 2466 requie.
