1653 2567
696 121 955 156 —205-

239 209 464 246 Collaudemus

283 263 427 291 sanctum
456 260 731 304 Christophorum.

179 317 211 350 2.
238 314 323 348 Dum
349 315 469 349 fluente

283 366 484 405 transportat
507 367 634 408 iugiter,

233 412 325 444 Inter
348 411 467 444 flumen

284 461 404 492 transit
428 460 573 499 viriliter,

236 506 401 540 Evocatur

284 564 379 595 quam
403 556 614 589 mirabiliter:

167 603 204 635 V.
236 602 348 646 Surge,
373 604 455 646 veni,

285 654 379 683 vocat
404 654 436 683 te
461 652 627 693 Dominus,

236 698 357 731 Factus
383 708 463 740 puer

286 756 345 779 rex
369 756 501 787 magnus
526 749 690 787 parvulus,

178 806 209 837 3.
236 806 414 838 Assecutus

286 852 467 892 linguarum
492 861 620 895 genera,

240 899 440 932 Exhortatur

287 948 320 978 in
348 949 433 979 vitae
459 947 603 988 foedera,

243 995 364 1030 Christi
388 1004 498 1027 servos

285 1041 394 1075 firmat
418 1043 458 1075 ad
486 1043 626 1085 vulnera,

242 1089 376 1123 Profert
401 1091 524 1122 cunctis

289 1138 385 1171 beata
410 1147 560 1177 munera3

167 1187 205 1220 V.
243 1185 327 1224 Quos
352 1186 485 1218 tortoris

286 1242 400 1266 manus
427 1233 594 1273 dilacerat,

239 1281 375 1315 Sanctus
400 1281 463 1312 iste

287 1329 470 1361 confortans
495 1328 637 1361 roborat.

299 1425 346 1456 In
373 1427 404 1458 2.
431 1423 665 1458 Noeturno.

381 1499 578 1536 Antiphonae.

181 1556 212 1588 1.
241 1556 385 1590 Confisus
408 1558 441 1589 in
467 1558 583 1590 robore

288 1605 418 1638 Domini
444 1606 607 1644 virtutum,

241 1653 371 1686 Summa
395 1654 493 1686 sumit
518 1653 674 1686 scandere

291 1700 433 1742 Carpens
458 1702 521 1733 iter
544 1704 661 1734 tutum.

177 1760 209 1793 2.
235 1757 373 1791 Habitat
395 1759 430 1790 in
456 1758 599 1791 coetibus

285 1806 553 1849 Glorificatorum,

239 1855 381 1895 Quiescit
405 1855 438 1887 in
464 1854 625 1888 montibus

284 1902 409 1936 Civium
434 1907 618 1935 sanctorum

177 1963 209 1995 3.
236 1962 275 1995 In
301 1962 422 1994 virtute
446 1961 572 2000 iubilal‚

281 2009 436 2042 Exsultat
465 2010 681 2047 vehementer,

238 2058 401 2098 Quidquid
430 2058 597 2090 desiderat

281 2106 409 2138 Tenens
435 2107 641 2138 excellenter.

176 2166 209 2198 4.
236 2164 409 2198 Praevenit
434 2163 703 2203 Christophorum

285 2211 400 2244 Gratia
424 2220 565 2252 superna

233 2261 279 2293 Et
305 2259 452 2292 extendit
476 2259 626 2292 meritum

282 2308 408 2342 Caritas
433 2308 572 2341 interna.

174 2369 205 2402 5.
235 2365 346 2400 Victor
372 2366 474 2400 vincit
494 2365 659 2398 inimicum

281 2414 382 2448 Totus
408 2414 477 2447 Deo
505 2414 645 2455 deditus,

928 220 1084 253 Mundum
1109 220 1232 261 spernit
1256 220 1463 261 impudicum,

976 268 1133 301 Christum
1149 268 1211 301 fert
1223 268 1479 307 christophorus

893 353 900 359 .
928 326 952 358 O
978 326 1124 358 miranda
1147 327 1262 358 merita

975 374 1121 406 Nominis
1144 374 1239 413 beati,

926 422 1014 461 Quae
1039 423 1118 454 dant
1141 421 1246 454 cordis
1267 422 1380 453 intima

975 471 1122 502 Summae
1143 469 1311 504 maiestati.

1065 546 1272 581 Responsoria.

893 630 899 635 .
926 605 978 636 Ad
1010 603 1149 636 tribunal
1177 613 1247 636 cum
1274 605 1390 636 citatur

974 652 1159 684 Ducenteno
1187 652 1298 696 milite,

926 700 1028 732 Orans
1053 702 1162 742 terret,
1191 700 1374 740 duplicatur

975 747 1071 779 Miles
1097 746 1309 786 frustratorie,

927 795 1043 827 Omnes
1069 798 1171 835 orant,
1198 795 1254 827 sed
1281 796 1398 836 ligatur

977 843 1053 882 Ipse
1078 842 1272 881 voluntarie;

891 917 898 923 .
931 890 1023 922 Cadit
1049 898 1106 922 rex
1129 890 1325 932 incredulus,

928 937 1043 978 Stupet
1067 938 1168 969 omnis
1194 939 1329 977 populus

980 985 1088 1017 Sancti
1116 986 1184 1017 visa
1207 984 1297 1019 facie.

896 1070 902 1076 .
933 1041 1156 1074 Formosarum
1182 1043 1359 1083 puellarum

977 1090 1014 1121 In
1040 1098 1142 1129 agone
1165 1090 1299 1131 positus,

930 1136 973 1169 Ut
999 1137 1137 1168 intraret
1161 1137 1249 1169 fraus
1273 1146 1379 1169 earum

977 1184 1088 1216 Mente
1112 1185 1216 1225 ligans
1241 1186 1387 1225 nexibus,

930 1231 1051 1263 Fundit
1077 1240 1199 1275 preces,
1227 1233 1331 1265 virtus
1357 1243 1489 1273 quarum

979 1279 1047 1311 Has
1074 1280 1231 1312 convertit
1257 1281 1367 1320 citius3

890 1353 896 1358 .
928 1327 981 1359 Sic
1005 1327 1224 1367 proclamant:
1252 1329 1391 1368 Intuere,

931 1374 1031 1407 Serve
1056 1374 1127 1415 Dei,
1154 1376 1307 1408 miserere

978 1423 1089 1455 Nostri
1115 1424 1177 1466 pie,
1205 1433 1405 1463 quaesumus,

897 1507 903 1513 .
929 1479 1011 1512 Dira
1039 1483 1182 1513 sanctum
1208 1481 1298 1522 virga
1324 1482 1441 1524 caedit,

981 1526 1087 1559 Cassis
1113 1528 1230 1568 premit
1254 1529 1357 1569 ignea,

931 1575 1021 1607 Nulli
1046 1584 1151 1616 poena
1176 1576 1278 1608 victus
1305 1577 1401 1617 cedit,

977 1623 1091 1655 Vincit
1114 1625 1217 1656 virtus
1243 1626 1359 1665 omnia,

933 1670 1044 1703 Caelos
1069 1672 1160 1712 petit,
1190 1681 1259 1704 cum
1287 1673 1426 1705 discedit

980 1719 1075 1752 Caelo
1101 1723 1227 1753 mutans
1252 1723 1376 1762 terrea,

891 1794 898 1801 .
928 1767 1025 1801 Felix
1049 1768 1287 1809 transmutatio,

931 1815 1013 1847 Vilis
1042 1817 1235 1858 deperditiO,

976 1863 1158 1896 Decoratur
1183 1865 1302 1899 laurea.

988 1961 1035 1993 In
1062 1963 1093 1995 3.
1121 1960 1358 1994 Nocturno.

1077 2026 1125 2054 Ad
1146 2026 1278 2054 Cantica.

858 2087 898 2120 Α,
933 2084 1182 2126 Christophorus
1208 2086 1305 2118 hodie

976 2133 1061 2165 Dum
1087 2134 1209 2167 caelum
1235 2135 1430 2178 conscendit,

932 2181 1140 2222 (fongaudere
1165 2182 1291 2222 patriae

978 2230 1110 2262 Viantes
1136 2230 1294 2263 accendit.

1067 2306 1277 2342 Responsoria.

871 2365 901 2398 1.
929 2364 954 2399 O
981 2364 1110 2397 beatum

976 2416 1138 2446 certamen
1164 2412 1251 2455 fidei,
