1653 2567
688 139 946 174 —178—

232 238 379 271 Criminis
404 248 424 270 a
448 237 590 270 faecibus

278 289 313 318 tu
335 295 393 318 nos
417 289 453 317 ut
476 284 648 326 purificati,

230 333 329 365 Posce
353 334 415 366 tuis
440 332 599 372 precibus,

277 381 375 412 simus
400 379 518 411 sanctis
543 378 675 420 sociati,

162 428 201 460 V.
234 428 283 459 Tu
307 428 359 459 via
383 427 532 468 iustitiae,

276 475 426 506 virtutum
453 481 583 513 gemma,
609 472 742 512 pudoris

232 521 363 561 Cellula,
390 520 566 552 munditiae

278 577 344 608 vaS,
373 567 438 600 divi
461 568 567 599 lumen
598 566 725 600 amoris.

313 709 359 742 In
385 708 615 741 Laudibus.

369 803 564 839 Antiphonae.

170 881 201 913 1.
227 880 312 914 Deus
338 889 483 920 regnanS,
510 879 563 918 qui
589 878 711 910 decoris

271 928 312 960 Se
337 926 516 967 praecinxit
539 925 737 966 fortitudine,

228 974 343 1007 Sedem
369 974 460 1006 dedit
482 973 557 1005 huic
579 972 708 1005 honoris

275 1023 313 1054 In
336 1021 463 1053 caelesti
493 1020 691 1052 claritudine.

170 1099 201 1130 2.
225 1098 292 1130 Iste
315 1096 383 1129 Deo
410 1105 480 1127 cum
504 1095 628 1127 laetitia

277 1143 447 1176 lubilando
473 1142 678 1181 deservierat,

227 1191 425 1231 Aspernatus
451 1193 564 1222 cuncta
588 1190 666 1222 vitia

276 1238 419 1277 Regnum
444 1238 510 1270 eius
534 1237 711 1268 introierat.

171 1315 202 1346 3.
228 1313 292 1345 Hic
315 1313 358 1345 ad
382 1313 485 1344 Deum
508 1312 664 1352 vigilavit,

277 1360 315 1392 In
341 1368 376 1391 se
401 1360 487 1391 cuius
512 1360 617 1391 anima
641 1359 750 1399 sitivit,

235 1407 288 1440 Ad
314 1416 407 1447 quem
429 1416 541 1438 manus
565 1406 701 1438 elevavit

280 1455 325 1486 Et
337 1462 375 1485 ex
391 1454 466 1486 totis
484 1454 605 1487 viribus
623 1453 786 1494 quaesivit.

177 1532 209 1565 4.
236 1530 427 1563 Universum
454 1538 532 1569 opus
557 1529 686 1561 Domini

280 1578 416 1618 Hymnis
449 1586 517 1609 cum
544 1576 728 1609 decentibus

232 1624 408 1658 Benedicat
433 1625 499 1656 eius
521 1624 640 1656 nomini

279 1673 385 1705 Festis
409 1673 443 1703 in
467 1671 698 1711 praesentibus.

176 1749 207 1781 5.
233 1747 360 1780 Famuli
385 1746 489 1779 fidelis

282 1795 418 1833 Propter
443 1794 534 1825 huius
560 1793 647 1825 facta
671 1802 752 1832 pura

232 1842 402 1874 Dominum
429 1842 468 1873 de
494 1842 589 1873 caelis

282 1889 409 1921 Laudet
432 1888 532 1920 omnis
559 1890 713 1920 creatura.

348 1992 394 2019 Ad
412 1992 597 2020 Benedictus.

161 2061 201 2093 A.
235 2059 429 2093 Benedictus
455 2060 497 2091 sit
522 2060 669 2092 caelestis

281 2107 359 2141 Rex.
388 2108 440 2147 qui
465 2116 538 2139 suos
556 2106 706 2146 visitavit,

234 2157 273 2188 In
296 2155 471 2195 praeclaris
495 2156 588 2187 huius
612 2154 709 2195 gestis

280 2202 371 2234 Servi
396 2203 480 2243 boni,
508 2211 600 2242 quem
624 2202 750 2243 amavit,

912 235 975 267 Per
1000 234 1176 267 doctrinam
1201 234 1267 265 eius
1291 232 1377 272 piam

960 282 1019 322 Qui
1043 281 1155 314 fideles
1180 278 1355 312 illustravit

911 330 965 362 Ad
990 332 1138 361 aeternae
1162 328 1251 368 pacis
1277 327 1362 360 viam

958 378 1004 410 Et
1026 380 1171 409 errantes
1195 373 1367 408 revocavit.

976 491 1022 522 In
1047 492 1078 523 2.
1105 488 1325 528 Vesperis.

838 566 876 598 R.
907 565 1072 598 Laudibus
1096 565 1258 597 immensis

959 613 1091 652 exsulta,
1117 611 1210 653 plebs
1235 610 1446 648 Hamelensis,

909 659 1004 692 Hunc
1028 659 1087 691 tibi
1114 663 1281 699 patronum

958 707 1123 739 caelestem
1150 714 1286 746 namque
1306 705 1448 738 colonum

911 754 1054 786 Christus
1086 753 1226 794 donavit,

955 802 1009 842 qui
1025 801 1179 840 templum
1190 809 1305 840 nempe
1320 800 1460 832 sacravit

907 848 979 881 Hoc
1005 849 1117 880 dotans
1143 847 1213 886 rite,

954 896 1142 927 nanciscens
1168 894 1310 934 praemia
1333 893 1439 935 vitae,

838 943 875 977 V.
904 943 1012 976 Ablue
1036 943 1161 982 peccati

956 990 1122 1028 maculam,
1150 997 1240 1021 sacer
1265 997 1282 1019 o
1307 986 1459 1030 Bonifati,

907 1037 1014 1077 Atque
1038 1039 1112 1069 tuae
1137 1036 1225 1068 laudi

957 1093 1014 1117 nos
1039 1085 1205 1126 instantes,
1232 1085 1333 1126 pater,
1362 1082 1447 1114 audi.

1023 1187 1069 1215 Ad
1088 1186 1270 1224 Magnificat.

839 1255 879 1287 A.
912 1256 1024 1288 Pastor
1049 1255 1132 1287 bone
1156 1254 1269 1286 summi
1294 1253 1388 1295 regis,

911 1300 1066 1345 Bonffati,
1093 1302 1139 1333 tui
1164 1302 1268 1343 gregis

963 1349 1126 1388 Luporum
1151 1348 1190 1381 ab
1216 1349 1385 1381 insultibus

918 1396 978 1435 Qui
1002 1399 1163 1429 catervam
1186 1396 1337 1439 tuebaris,

918 1443 1019 1482 Quina
1043 1444 1124 1476 lucri
1149 1443 1298 1476 salutaris

965 1491 1054 1523 Dans
1079 1491 1201 1523 talenta
1226 1491 1373 1533 cultibus,

918 1538 964 1571 Ob
991 1539 1071 1580 quod
1100 1537 1203 1570 factus
1229 1540 1393 1572 beatorum

915 1585 961 1618 Es
988 1586 1117 1618 coheres
1143 1586 1328 1626 gaudiorum

963 1633 1180 1674 Supernorum
1205 1633 1339 1674 civium3

916 1680 962 1713 Te
989 1682 1096 1713 devoti
1122 1682 1340 1725 deprecamur,

914 1727 961 1760 Ut
984 1731 1016 1760 te
1043 1728 1122 1763 duce
1147 1728 1380 1760 transferamur

963 1775 1086 1808 Horum
1111 1776 1153 1808 ad
1180 1775 1367 1808 convivium.

994 1890 1073 1922 Per
1097 1889 1309 1923 Octavam.

843 1965 884 1997 A.
915 1964 1146 2004 Archipraesul
1165 1974 1183 1997 o
1209 1964 1314 2005 beate,

916 2011 1068 2055 Bonifati,
1095 2011 1165 2044 Deo
1192 2015 1293 2053 grate,

964 2060 1035 2092 Tua
1058 2060 1169 2099 iungat
1192 2069 1250 2092 nos
1275 2060 1387 2103 oratio,

915 2106 1021 2147 Digne
1046 2107 1159 2147 quibus
1185 2110 1234 2139 est
1257 2108 1421 2140 laudanda

915 2153 961 2187 Et
982 2155 1139 2187 laetanter
1165 2155 1360 2189 celebranda

965 2202 1036 2234 Tua
1060 2202 1229 2235 ordinatio.

242 2296 327 2324 Brev.
349 2305 401 2324 ms.
422 2296 601 2325 Hamelense
621 2304 696 2324 saec.
713 2294 756 2324 15.
792 2295 861 2324 Cod.
877 2296 1084 2325 Hannoveran.
1099 2296 1115 2325 I
1131 2295 1183 2325 101
1204 2297 1232 2325 b.
1254 2298 1288 2325 A.
1304 2312 1340 2317 —
1354 2297 1476 2334 Antiph.

163 2342 217 2361 ms.
244 2334 424 2362 Hamelense
452 2343 530 2363 saec.
560 2333 605 2363 15.
650 2333 721 2362 Cod.
747 2334 958 2363 Hannoveran.
985 2335 1001 2363 1
1028 2332 1083 2362 101
1111 2343 1135 2362 c.
1163 2336 1196 2364 B.
1229 2350 1267 2355 —
1299 2337 1399 2365 Hiezu
1427 2337 1479 2364 der

163 2371 313 2416 Hymnus:
335 2373 495 2408 Hymnizet
508 2374 602 2401 omnis
616 2374 697 2400 natio
711 2371 807 2406 (Anal.
822 2373 933 2407 xxm,
951 2371 1022 2409 149).
1037 2387 1074 2392 —
1087 2374 1148 2401 Der
1161 2374 1255 2402 Name
1271 2373 1322 2403 des
1337 2375 1479 2412 Heiligen

164 2410 240 2438 wird
258 2419 292 2438 m
312 2411 368 2439 den
387 2420 427 2439 ss.
447 2411 603 2448 durchweg
623 2411 792 2439 Bonifaeius
814 2411 1013 2448 geschtieben.
