1653 2567
732 112 967 147 -26-

273 204 393 242 Antiph.
419 214 475 233 ms.
495 205 590 234 Vallis
611 206 730 234 Florum
749 203 784 240 (ἲ)
808 214 883 234 saec.
907 205 950 235 14.
990 208 1060 236 Cod.
1081 206 1247 235 Bruxellen.
1273 203 1356 233 6426.
1385 218 1422 224 —
1446 203 1505 230 Die

199 243 391 272 Handsehrift
431 244 483 271 hat
515 246 608 272 einem
639 245 810 280 belgisehen
844 244 1222 274 OEstereienserinnenstifte
1255 244 1373 281 gebim,
1415 242 1505 269 deren

198 281 340 309 Patronin
368 281 415 309 die
433 281 474 308 hl.
494 281 611 318 Agatha
638 291 707 310 war.
747 282 802 309 Bei
822 282 947 310 weleher
966 284 1062 312 Abtei·
1080 284 1216 311 letzterer
1237 281 1380 311 Umstand
1400 279 1502 314 muti-af,

201 320 365 348 vermoehte
391 320 440 347 ich
466 319 548 347 nicht
566 329 603 347 zu
627 319 781 348 ermitteln.
816 320 873 347 Die
892 321 946 348 Hs.
967 323 1008 349 ist.
1026 321 1118 350 leider
1137 320 1352 355 verstiimmelt3
1382 327 1411 347 es
1432 317 1506 345 fehlt

198 357 288 385 daher
306 359 338 385 in
360 355 384 385 1.
405 358 493 394 Vesp.
514 358 562 385 die
574 358 724 394 Antiphon
744 358 781 384 ad
794 358 925 393 Magnis„
946 368 1005 387 von
1026 360 1077 387 der
1096 368 1152 386 nur
1171 359 1218 386 die
1238 361 1314 387 erste
1327 358 1407 385 Zeile
1425 356 1502 383 noch

196 396 378 424 verbanden:
398 393 487 423 Alma
501 395 609 423 Christi
625 403 735 432 sponsa
753 398 886 423 mentem.
921 397 978 425 Die
990 398 1179 433 Antiphonen
1193 397 1244 424 der
1258 395 1282 424 1.
1298 397 1385 432 Vesp.
1402 394 1503 422 bilden

197 434 260 461 also
281 434 332 461 das
353 433 524 461 Akrostieh:
552 434 674 470 Agatha.
714 432 757 460 Es
776 433 874 461 fehlen
894 434 941 462 die
961 436 1044 463 seehs
1064 434 1112 461 ΑΑ
1134 435 1185 462 der
1206 434 1230 462 1.
1251 436 1391 468 Nocturn,
1412 430 1430 459 2
1451 430 1500 458 ΑΑ

196 472 256 498 und
274 471 294 500 4
315 470 359 498 RB
380 471 431 498 der
453 469 479 497 2.
500 471 644 505 Nectum,
672 472 720 499 die
739 479 832 507 ganza
851 472 939 500 dritte
957 473 1103 507 Nectum,
1129 473 1177 500 die
1197 471 1244 499 ΑΑ
1266 473 1304 500 ad
1326 471 1502 500 Benedictus

194 509 255 536 und
281 510 318 537 ad
343 510 480 537 Primam.
520 510 577 536 Die
597 508 619 535 Α
647 510 684 536 ad
703 509 825 545 Magnif-
850 511 882 537 in
905 508 931 537 2.
951 511 1038 547 Vesp.
1064 512 1105 538 ist
1128 510 1294 546 prosaiseh:
1328 511 1352 538 O
1377 509 1449 537 felix
1474 510 1504 536 et

195 547 299 574 inclita
322 549 421 581 virgo,
451 555 525 581 quae
550 549 658 574 meruit
677 548 835 580 Dominum
858 556 911 583 per
937 548 1053 576 laudem
1078 548 1173 576 fidelis
1202 547 1336 584 martyrii
1357 548 1502 582 sanguine

195 584 354 612 clarificare
374 593 426 611 suo
449 586 503 612 ete.

573 679 599 707 7.
623 677 659 709 In
678 677 898 709 Translatione
918 685 942 708 s.
963 677 1117 718 Agathae.

886 749 916 781 3.
943 747 1084 788 Suscipit
1107 747 1186 779 haee
1210 747 1289 780 felix

989 797 1064 835 post
1086 794 1166 826 haec
1192 794 1325 828 Catania
1351 796 1442 835 dona,

941 842 1045 874 Laeta
1068 842 1145 873 satis
1170 843 1298 882 plaudit

338 748 386 779 In
413 748 441 780 1.
471 748 687 788 Vesperis,

383 820 476 857 Super
494 822 636 850 Psalmos.

191 880 232 911 A.
261 880 424 919 Exoptata
447 880 550 911 nitent

308 927 482 966 sollemnia,
509 936 642 966 vespere
667 928 774 970 claret,

261 974 405 1014 Arride'c‚
431 974 543 1005 rutilat

307 1019 429 1052 famosa
455 1021 587 1064 diecula,
615 1024 719 1053 ratum

261 1068 416 1101 Carminis
445 1068 627 1108 obsequium

306 1123 382 1155 gens
400 1115 528 1146 exhibet
541 1115 811 1148 Christicolarum.

374 1189 420 1217 Ad
440 1190 619 1226 Magnificat.

223 1273 229 1279 .
263 1248 288 1280 O
315 1248 450 1280 clemens
474 1249 610 1288 Agatha,

307 1295 522 1327 conscendens
547 1296 663 1336 gaudia
685 1296 777 1336 lueis,

258 1342 358 1374 Nobis
384 1344 416 1373 et
439 1343 555 1374 nostriS

306 1390 403 1429 adm,
428 1390 567 1430 pellatur
590 1394 627 1422 ut
650 1391 761 1431 hostis,

259 1437 373 1468 Omnes
398 1438 571 1476 gaudentes

304 1485 438 1517 redeant
462 1485 503 1516 ad
525 1486 662 1524 patriam
687 1489 807 1526 gentes.

318 1570 380 1602 Ad
404 1570 671 1605 Matutinum.

387 1635 603 1664 Invitatorium.

256 1693 396 1734 Virginis
421 1696 488 1725 tota

302 1740 409 1772 Mater
437 1742 570 1774 ecclesia

237 1813 240 1816 .
255 1787 401 1827 Agathae
424 1791 501 1820 nota

304 1835 387 1867 Colit.
414 1836 589 1869 sollemnia.

315 1922 363 1953 In
389 1922 420 1955 3.
446 1921 677 1957 Nooturno.

403 1986 599 2023 Antiphonae.

223 2068 228 2074 .
254 2044 386 2084 Plaude,
418 2043 497 2077 felix
523 2046 663 2090 Catania‚

254 2091 357 2124 Tanta
383 2092 491 2124 dotata
512 2094 645 2137 virgine,

255 2138 341 2177 Quae
365 2142 474 2179 spreta
497 2150 581 2172 nune
603 2142 748 2176 Bisantia

253 2186 300 2217 Te
324 2196 382 2222 sua
405 2187 521 2220 lustrat
545 2189 721 2230 chlamyde.

220 2267 227 2275 .
254 2243 303 2274 Tu
327 2252 489 2276 sacrarum
513 2244 618 2278 forma
637 2247 805 2289 virginum,

253 2290 317 2322 Vas
345 2292 477 2332 insignis
502 2294 634 2334 gratiae,

253 2338 322 2370 Iam
349 2339 496 2372 decorum
520 2350 638 2381 sponsa
661 2343 788 2376 thorum

253 2386 400 2420 Postulas
426 2387 584 2422 Cataniae.

988 892 1077 922 tanta
1102 893 1254 922 venerata
1276 894 1422 931 patrona.

1077 963 1285 999 Responsoria.

886 1020 917 1052 1.
944 1021 1038 1053 Felix
1062 1019 1178 1052 festum
1202 1022 1389 1055 laetabundi

989 1067 1182 1100 celebremus
1207 1069 1314 1111 hodie,

943 1115 1075 1153 Quando
1102 1124 1216 1155 corpus
1241 1118 1414 1157 gloriosum

986 1163 1110 1195 Tantae
1132 1164 1244 1196 matris
1269 1165 1416 1205 Agathae

938 1210 1149 1250 Deportatum
1174 1211 1235 1243 Dei
1257 1215 1337 1243 nutu

987 1257 1136 1290 Partibus
1161 1267 1180 1289 a
1206 1258 1379 1301 Graeciae3

900 1330 906 1336 .
937 1304 1006 1336 Ista
1035 1304 1103 1337 dies
1129 1308 1178 1336 est
1200 1307 1399 1345 praecellens

985 1352 1030 1384 Et
1052 1352 1149 1393 plena
1170 1354 1321 1387 laetitiae.

904 1431 910 1438 .
936 1406 1128 1448 Magnificae
1155 1409 1260 1442 laudis

983 1455 1129 1496 Agathae
1154 1466 1239 1488 nunc
1263 1460 1378 1493 sumite
1397 1458 1491 1503 festa,

936 1503 1106 1535 Plausibus
1132 1504 1320 1543 hymnorum

983 1551 1167 1590 preeamina
1191 1552 1296 1585 laudis
1321 1555 1464 1599 honesta,

896 1620 903 1627 .
935 1597 984 1629 Sit
1007 1598 1120 1638 procul
1145 1608 1165 1631 a
1188 1600 1280 1632 nobis

982 1646 1133 1678 vitiorum
1157 1647 1254 1679 turba
1279 1650 1424 1683 molesta.

905 1727 912 1733 .
938 1701 1136 1742 Navigantes
1161 1712 1237 1736 vero
1261 1706 1322 1738 viri

986 1748 1164 1782 eomitante
1189 1755 1332 1792 martyre

939 1795 983 1827 Et
1007 1805 1067 1835 per
1091 1799 1194 1830 terras
1221 1802 1253 1830 et
1274 1809 1335 1841 per
1359 1810 1449 1835 mare

982 1842 1043 1875 Dei
1069 1842 1145 1875 freti
1169 1846 1299 1879 numine

938 1889 1102 1923 Cataniam
1129 1892 1327 1927 devenerunt

984 1938 1166 1971 Obsistente
1194 1943 1329 1984 nemine,

897 2011 904 2018 .
932 1984 999 2017 Ubi
1021 1986 1084 2017 tuti
1109 1987 1298 2026 quieverunt

983 2032 1029 2064 Et.
1051 2033 1121 2065 sine
1147 2033 1328 2071 formidine.

999 2119 1044 2151 In
1071 2121 1103 2153 2.
1130 2120 1361 2159 Nocturno.

1078 2193 1276 2231 Antiphonae.

878 2248 908 2281 1.
935 2250 1035 2292 Haeo,
1061 2251 1089 2282 si
1115 2252 1233 2288 festiva.

979 2303 1173 2339 peragantur
1198 2303 1294 2337 laude
1318 2316 1458 2352 suorum,

935 2345 1071 2378 Instruit
1095 2351 1127 2379 et
1150 2352 1265 2392 nutrit,

985 2394 1131 2428 defensat
1157 2399 1294 2433 eulmine
1318 2412 1452 2440 morum.
