1655 2568
680 65 917 101 „52-„

225 163 303 190 Orat.
324 172 378 190 ms.
396 162 542 191 Gallicum
565 170 640 190 saec.
659 159 701 189 15.
734 161 802 190 Cod.
816 162 931 190 Musaei
944 162 1139 190 Ferdinandei
1155 161 1311 197 Oenipont.
1333 171 1356 187 s.
1376 167 1404 185 n.
1420 170 1457 174 —

147 202 186 229 in
214 199 241 228 1.
262 201 365 237 Vesp.
393 202 430 229 ad
449 201 547 229 Mam.
568 199 596 228 2.
615 201 778 229 Nobiscum
803 203 910 229 cernet.
935 216 975 220 —
1001 201 1042 228 In
1061 202 1161 229 Noct.
1188 198 1210 226 R
1232 197 1265 233 2,
1288 196 1303 227 1
1328 196 1458 232 Angelus

147 239 266 268 Gabriel
287 240 333 267 ad.
353 254 389 259 -—
411 237 431 265 R
453 236 478 273 2,
500 227 518 268 ἓ
539 240 684 267 Dominus
704 242 808 267 tecum.
829 253 865 258 ——
890 237 910 266 R
933 237 959 273 3,
973 236 993 266 4
1012 239 1141 267 Mentem
1160 239 1267 266 caelos.

616 331 658 363 18.
693 332 737 362 De
758 332 868 362 saneta
887 332 984 363 Anna.

288 405 335 436 In
362 404 392 437 1.
420 403 632 443 vesperis.

366 469 561 504 Antiphonae.

167 518 197 550 1.
224 517 319 549 Anna
343 521 463 557 sancta,
492 517 532 548 de
555 525 615 556 qua
638 519 715 549 nata

267 562 329 596 fuit
352 567 454 596 mater
478 563 617 606 Domini,

221 611 400 644 Infecunda
423 610 494 651 fuit,
520 615 621 651 nupt-a

269 660 351 692 iusto
378 660 444 691 viro
470 659 622 691 Ioaohim.

166 708 199 740 2.
224 707 323 746 Apud
347 706 450 739 Deum
475 706 681 746 hominesque

272 754 382 785 horum
409 754 476 786 vita
501 754 626 793 claruit,

221 802 307 840 Quae
329 810 524 841 nequaquam
539 801 622 832 iuste
638 810 774 841 unquam

267 848 458 887 reprehendi
481 849 596 888 potuit,

163 906 198 937 3.
224 904 409 937 Substantia
434 913 547 944 nempe
570 914 628 937 sua

274 952 377 984 divisa
400 951 526 984 trifarie

227 1000 355 1031 Partem
380 1008 472 1031 unam
497 999 723 1038 impendebant

270 1047 387 1086 templo
414 1048 464 1078 vel
490 1047 652 1090 ecclesiae,

165 1105 197 1136 4.
223 1103 405 1142 Peregrinis
432 1106 464 1134 et
488 1103 593 1143 egenis

273 1150 447 1191 erogabant
470 1150 577 1192 aliam,

224 1197 399 1230 Clientelac
424 1206 547 1237 quoque
571 1206 648 1229 suae

266 1244 334 1276 sive
358 1245 421 1276 sibi
446 1245 581 1278 tertiam.

164 1293 195 1325 5.
221 1291 276 1324 Sic
298 1301 358 1331 per
382 1301 480 1324 annos
506 1292 555 1323 bis
580 1292 714 1324 decenos

272 1338 393 1371 caelibe
418 1338 596 1380 coniugium

225 1386 420 1426 Peragentes
448 1385 624 1418 actitabant

271 1433 399 1466 Domini
424 1434 599 1466 servitium.

151 1489 190 1523 R.
220 1490 336 1523 Inclita
361 1491 458 1531 stirps
483 1491 571 1523 Iesse

265 1542 388 1578 virgam
412 1537 566 1578 produxit
589 1547 763 1579 amoenam,

221 1584 271 1617 De
296 1594 357 1625 qua
378 1585 536 1624 processit

271 1632 329 1664 fios
354 1633 434 1665 miro
458 1634 571 1672 plenus
597 1634 705 1676 odore,

157 1680 195 1713 V.
224 1680 287 1712 Est
305 1680 386 1711 haec
410 1680 500 1721 virga
524 1680 585 1711 Dei

268 1730 380 1766 mater,
407 1726 466 1758 flos
490 1730 579 1759 ortus
605 1727 646 1760 ab
672 1728 737 1762 ilia.

343 1801 388 1830 Ad
408 1801 588 1838 Magnificat.

151 1861 193 1893 A.
225 1859 370 1893 Caeleste
387 1859 578 1892 beneficium

271 1908 418 1939 introivit
441 1907 474 1939 in
499 1908 636 1949 Annam,

222 1954 273 1987 De
298 1963 360 1994 qua
384 1957 460 1987 nata
486 1958 535 1986 est
557 1955 649 1987 nobis

270 2003 326 2042 pia
351 2002 440 2043 virgo
465 2002 580 2034 Maria.

286 2098 348 2130 Ad
372 2098 642 2132 Matutinum.

354 2164 570 2192 Invitatorium.

226 2214 263 2246 In
289 2213 408 2245 honore

273 2260 475 2292 beatissimae
497 2261 612 2294 Annae

226 2307 398 2340 Iubilemus

272 2358 305 2387 et
327 2358 487 2388 cantemus
513 2356 660 2391 Domino.

968 402 1016 435 In
1044 402 1073 434 1.
1100 401 1327 434 Nocturno.

1053 458 1248 494 Antiphonae.

843 506 874 540 1.
899 506 952 540 Ea
974 506 1102 546 quidem
1125 507 1315 546 tempestate

949 555 1080 587 Praesul
1108 557 1177 586 erat
1201 552 1341 593 Isachar,

906 602 966 641 Qui
990 602 1129 633 Ioachim
1153 599 1319 633 infecundi

950 647 1114 681 refutabat
1136 657 1276 681 munera.

846 706 878 739 2.
902 705 1132 746 Exprobrabat
1156 707 1187 737 et
1213 703 1341 737 dicebat

948 753 1034 785 hunc
1058 753 1153 785 valde
1177 758 1392 792 praesumere,

904 800 964 839 Qui
989 799 1135 833 fecundis
1160 798 1352 832 infecundus

951 857 986 879 se
1011 848 1162 888 captabat
1185 847 1308 879 sistere.

845 905 877 936 3.
902 902 1096 936 Infecundos
1123 912 1193 935 cum
1218 902 1363 935 fecundis

950 959 1018 982 mos
1043 960 1107 983 non
1132 953 1202 982 erat
1225 950 1349 990 sistere,

904 998 974 1030 Nisi
1000 999 1089 1037 prius
1115 998 1201 1030 Deus
1228 998 1320 1029 daret

948 1046 1157 1077 masculinum
1183 1045 1322 1085 gignere.

1042 1130 1251 1166 Responsoria.

847 1180 880 1212 1.
906 1178 1092 1211 Nazarenus
1118 1181 1211 1219 pater
1236 1178 1339 1219 huiuS,

953 1227 1039 1258 vitae
1065 1226 1115 1257 vir
1140 1226 1297 1267 egregiae,

905 1272 1011 1305 Mater
1036 1276 1144 1305 autem
1168 1274 1208 1305 de
1232 1272 1421 1305 Bethlehem

953 1321 1054 1361 regali
1079 1319 1170 1352 fulsit
1195 1320 1327 1359 semine,

835 1368 873 1401 V.
904 1367 1043 1408 Dignum
1070 1369 1154 1400 enim
1180 1371 1250 1400 erat
1272 1369 1366 1400 talem

953 1415 1016 1447 hoc
1041 1416 1119 1448 oriri
1145 1415 1268 1447 ordine.

848 1474 880 1505 2.
904 1473 1047 1512 Quadam
1073 1473 1126 1504 die
1149 1472 1211 1504 soii
1235 1471 1334 1504 stanti

954 1521 1085 1559 angelus
1110 1520 1271 1559 apparuit,

905 1567 1023 1599 Dicens
1049 1567 1116 1600 illi:
1143 1565 1221 1600 flere
1246 1567 1322 1610 noli,

951 1617 984 1647 te
1007 1614 1095 1647 Deus
1119 1614 1292 1654 exaudivit,

835 1663 873 1694 V.
900 1662 955 1694 Sic
980 1663 1122 1694 dolorem
1148 1663 1216 1694 eius
1241 1670 1370 1703 gravem

954 1709 1137 1742 confortans
1164 1710 1368 1750 compescuit.

852 1768 882 1799 3.
909 1766 943 1798 Si
969 1766 1051 1798 ratio
1076 1765 1183 1797 verbis
1208 1766 1286 1798 meis

955 1823 1017 1845 non
1045 1814 1100 1845 dat
1124 1812 1184 1844 tibi
1210 1814 1353 1853 credere,

905 1861 1007 1901 Rogo,
1036 1860 1132 1892 erede
1156 1860 1210 1892 vei
1236 1862 1389 1902 exemplis

955 1907 1100 1948 congruis
1124 1909 1308 1949 memoriae,

835 1955 873 1990 V.
906 1956 951 1988 Et
974 1959 1149 1988 memorata
1173 1955 1283 1988 Maria

959 2004 1021 2035 erit
1044 2007 1100 2035 tua
1123 2002 1200 2037 filia.

966 2109 1008 2141 In
1035 2110 1068 2142 2.
1094 2108 1269 2141 Nectar
1281 2118 1338 2141 no.

1052 2164 1250 2202 Antiphonae.

857 2215 887 2247 1.
914 2214 986 2245 Hoc
1009 2213 1150 2246 Ioachim
1178 2214 1386 2248 conturbatur

961 2260 1109 2294 confusus
1132 2263 1317 2304 opprobrio,

909 2310 1009 2350 Quem
1032 2309 1180 2349 pontifex
1202 2311 1316 2352 tempii
1337 2321 1472 2352 prorsus

957 2358 1081 2391 notavit
1107 2358 1219 2399 elogio,
