1653 2567
141 358 171 390 1.

140 1530 158 1561 GN

641 78 902 115 —156—

530 173 577 205 55.
601 172 644 203 De
666 174 775 204 sancto
795 169 1022 202 Bernhardino.

267 245 313 276 In
340 244 370 277 1.
399 243 613 285 Vesperis.

341 309 535 346 Antiphonae.

197 357 447 397 Be1=nhardinuS‚
474 358 524 390 vir
549 356 732 397 catholicus,

195 405 240 437 Et
264 413 378 444 praeco
405 405 604 446 evangelicus

244 452 409 484 Ecclesiae
434 452 595 484 Romanae

196 499 338 531 Subieoit
361 507 396 530 se
416 498 576 542 obsequio,

198 546 282 578 Gens
307 545 410 577 Senae
433 546 566 585 plaudat
590 546 705 586 gaudio

242 593 287 625 Et
309 593 399 625 urbis
424 593 614 633 Aquilanae.

196 649 260 682 Sub
286 649 426 683 Martino
452 649 600 690 pontifice

195 697 284 729 Tunc
308 697 394 729 sedis
419 698 614 737 apostolicae

242 744 402 777 'Vexillum
428 745 653 784 triumphantis

196 792 293 831 Regis
317 790 478 823 ferventer
501 793 614 834 tenuit,

195 839 258 871 Per
281 839 362 871 illud
388 848 501 871 nomen
525 841 630 879 patuit

244 886 331 925 Quod
358 886 430 919 Iesu
454 887 620 921 radiantis.

197 943 349 975 Senarum
376 944 454 975 civis
479 944 640 986 panditur,

193 990 277 1022 Hine
301 999 376 1030 agro
401 1000 475 1023 rosa
498 992 599 1024 oritur

241 1038 368 1070 Virtute
394 1038 552 1083 decorata,

194 1084 294 1116 Stella
317 1084 495 1125 praefulget
521 1087 645 1119 saeculo

197 1131 286 1164 Dans
309 1133 370 1164 iter
394 1134 481 1164 vitae
503 1134 622 1174 populo

241 1178 378 1211 Mirifice
402 1180 546 1213 lustrata.

196 1235 361 1267 Francisei
385 1237 486 1276 patris
511 1237 652 1277 regulam

197 1282 328 1316 Secutus
354 1284 566 1325 evangelicam

243 1329 410 1362 Professus
433 1340 496 1363 non
519 1334 736 1372 transgressus

201 1377 363 1409 Caelorum
390 1378 517 1410 scandit
541 1379 676 1412 eulmina

196 1424 322 1457 Relicta
347 1426 450 1458 carnis
475 1427 599 1458 sarcina

243 1472 430 1505 Perenniter
454 1473 624 1514 ingressus,

737 1358 745 1376 7

164 1554 171 1562 .
199 1529 389 1561 Praedivitis
413 1530 539 1569 inopiae

197 1575 323 1608 Decore
346 1576 520 1616 pudicitiae

248 1622 397 1655 Sublimis
422 1625 616 1665 observator,

194 1670 293 1703 Iussis
317 1679 431 1709 parere
452 1672 554 1704 voluit

197 1717 408 1759 Sanctamque
432 1719 561 1751 verbum
589 1721 721 1760 protulit

245 1765 411 1797 Sollemnis
435 1767 647 1806 praedicator.

315 1839 360 1867 Ad
379 1840 558 1878 Mag-nificat.

158 1913 166 1920 .
197 1889 221 1921 O
244 1888 406 1921 confessor
432 1891 554 1930 eximie,

196 1935 333 1968 Divinae
356 1937 487 1969 haustor
510 1938 640 1978 gratiae,

198 1983 257 2022 Qui
283 1984 362 2016 caeli
387 1983 548 2024 fastigium

196 2032 339 2072 Nequam
364 2032 544 2073 relinquens
569 2032 727 2064 saeculum

195 2078 408 2111 Psallentibus

195 2126 285 2158 Tunc
309 2127 481 2159 ascendisti
506 2127 676 2160 fratribus:

195 2174 302 2214 Pater,
328 2174 532 2208 manifestavi

195 2221 319 2254 Nomen
344 2225 430 2254 tuum
453 2223 643 2255 hominibus.

197 2269 264 2301 Nos
289 2272 398 2302 mundi
426 2272 565 2303 viatores

197 2317 261 2349 Ora
285 2318 399 2350 sectari
426 2318 523 2351 bonos
548 2328 662 2360 mores,

197 2364 243 2397 Ut
266 2365 394 2397 liberati

877 240 928 273 De
952 240 1091 272 tenebris
1116 241 1263 273 miseriae

880 288 984 321 Iesum
1011 297 1198 328 quaeramus
1221 287 1404 328 Dominum,

881 335 939 374 Qui
965 339 1014 367 est
1038 344 1115 368 vera
1138 336 1224 368 salus

878 382 922 415 Et
946 383 1123 423 redemptio
1146 384 1297 418 omnium-

935 497 996 528 Ad
1023 496 1292 530 Matutinum.

1010 562 1229 590 Invitatorium.

878 620 968 660 Regi,
996 619 1050 659 qui
1076 620 1163 652 venit
1188 620 1331 660 caelitus,

924 666 1019 707 Laus,
1046 666 1148 699 honor
1172 667 1216 699 sit
1241 668 1401 706 decenter,

880 713 937 746 Cui
962 713 1203 747 Bernhardinus
1228 716 1358 747 inclitus

926 761 1066 795 Servivit
1091 761 1311 802 obsequenter.

940 877 1044 910 1111.
1069 876 1303 910 Nocturno.

1021 951 1217 987 Antiphonae.

843 1035 851 1042 .
877 1009 942 1041 Hie
966 1009 1016 1041 vir
1038 1008 1071 1040 in
1095 1009 1272 1049 puerilibus

922 1056 982 1088 Est
1006 1056 1096 1088 anuis
1121 1057 1283 1097 sapienter

876 1103 1022 1135 Nutritus
1050 1103 1140 1135 bonis
1166 1103 1305 1136 moribus

920 1150 966 1182 Et
989 1159 1063 1182 usus
1090 1153 1139 1182 est
1162 1150 1356 1191 frequenter.

840 1232 848 1241 .
879 1206 1029 1239 Tenellus
1054 1216 1134 1246 puer
1155 1207 1271 1248 satagit

921 1255 974 1286 Ad
999 1255 1139 1287 indolem
1165 1255 1303 1296 virtutis,

883 1302 978 1342 Quem
1006 1303 1059 1341 pie
1082 1302 1170 1334 Deus
1194 1302 1302 1343 din‘git

924 1350 976 1381 Ad
1003 1350 1161 1382 tramitem
1187 1350 1309 1383 salutis.

842 1431 850 1439 .
873 1405 1086 1437 Intemeratae
1109 1406 1226 1447 virgini

923 1452 1064 1486 Devotus
1090 1454 1300 1495 supplicatur,

880 1501 923 1534 Ut
946 1501 1050 1539 gratia
1074 1500 1201 1540 spiritui

922 1547 1041 1580 Divina
1063 1548 1229 1589 largiatur.

1013 1633 1220 1668 Responsoria.

844 1716 850 1723 .
878 1690 954 1722 Sine
978 1694 1113 1730 parente
1137 1692 1262 1724 soboles

924 1737 1050 1770 Nutrici
1076 1739 1170 1771 datur
1200 1748 1294 1771 curae

876 1785 969 1825 Puer,
997 1786 1047 1817 cui
1071 1786 1155 1818 bona
1178 1787 1304 1819 indoles

921 1832 1087 1865 Laudatur
1111 1842 1187 1866 vero
1211 1834 1281 1866 iure

875 1879 921 1911 Et
942 1880 1027 1911 inter
1052 1889 1156 1912 mores
1180 1881 1303 1913 nobiles

923 1926 1109 1960 Laudabilis
1134 1932 1276 1972 naturae,

837 2000 844 2007 .
876 1977 992 2007 Aetate
1016 1976 1121 2015 coepit
1146 1978 1256 2009 tenera

876 2022 965 2054 Dare
988 2022 1141 2055 virtutum
1166 2033 1264 2064 opera

929 2070 990 2102 Pro
1016 2071 1102 2102 vitae
1126 2080 1184 2110 spe
1205 2070 1343 2105 futurae.

846 2152 852 2160 .
878 2127 1034 2160 Humanis
1060 2129 1173 2168 plenus
1198 2129 1322 2170 legibus

926 2175 1003 2207 Odit
1023 2176 1134 2208 mundi
1159 2177 1290 2220 seelera,

879 2222 957 2255 Cum
982 2223 1071 2264 virgo
1096 2226 1171 2256 nata
1192 2226 1319 2266 regibus

923 2270 1001 2303 Exit
1023 2272 1135 2304 matris
1158 2273 1293 2314 viscera,

877 2319 908 2351 A
933 2317 1087 2351 fratribus
1113 2319 1288 2354 minoribus

925 2367 1057 2407 Tegitur
1083 2368 1235 2410 tunicula,
