1653 2567
709 98 965 134 —133-

240 188 319 221 Flos
341 191 485 223 vernalis
509 193 674 235 germinis,

292 236 360 269 Dos
391 238 507 270 dotalis
537 241 672 280 gratiae.

336 333 383 364 In
408 332 640 368 Laudibus.

388 407 584 444 Antiphonae.

180 465 212 498 1.
241 465 344 497 Nimis
369 466 570 499 admirabilis

287 514 325 547 In
351 514 425 547 altis
455 514 599 547 Christus
626 515 727 554 Iesus,

240 561 340 600 Quem
364 561 398 594 in
423 562 495 594 imis
522 566 588 596 tam
613 561 740 605 fragilis

289 608 390 641 Sexus
416 610 494 643 colit
519 619 640 645 caesus.

179 668 213 699 2.
239 666 323 699 Oves
349 665 470 699 Christi
493 676 632 709 pascuae

286 712 399 746 Laude
424 720 499 748 sunt
525 718 687 758 venustae,

238 761 320 794 Nam
346 763 388 795 ad
412 766 522 795 nutum
549 764 714 798 Barbarae

287 810 370 843 Oves
395 813 470 843 sunt
494 811 648 845 locustae.

178 869 210 900 3.
235 866 343 910 Fame,
373 868 428 900 siti
454 869 598 902 cruciata

285 916 325 949 In
351 915 407 948 vili
434 916 595 950 domicilio

240 962 366 996 Christo
393 962 455 996 fuit
480 965 598 998 satiata

286 1010 339 1043 Ex
368 1011 446 1043 caeli
475 1012 592 1046 edulio.

181 1069 214 1101 4.
239 1068 278 1100 In
303 1068 378 1108 igne
403 1069 506 1101 saneti
530 1068 668 1102 flaminis

285 1117 518 1149 Benedicamus
542 1118 724 1158 Dominum,

237 1163 317 1205 Igne
343 1165 423 1197 caeli
449 1164 593 1197 fulminis

286 1213 345 1252 Qui
376 1214 572 1253 consumpsit
595 1214 797 1247 Dioscorum.

181 1270 211 1302 5.
236 1269 372 1302 Iuvenes
399 1273 431 1302 et
455 1271 595 1310 virgines

288 1317 417 1350 Laudes
445 1319 523 1351 dent
548 1322 580 1351 et
604 1319 749 1361 gloriam,

932 196 992 235 Qui
1017 196 1060 228 ad
1086 195 1167 227 caeli
1193 196 1340 228 cardines

981 243 1107 275 Christo
1133 242 1222 275 vehit
1246 243 1433 276 Barbaram.

1040 316 1088 344 Ad
1113 317 1301 346 Benedictus.

891 401 898 408 .
930 373 1124 407 Benedictus
1150 375 1193 407 sit
1209 378 1303 416 pater
1319 376 1488 418 luminum,

978 421 1036 462 Qui
1058 422 1246 464 Barbaram,
1275 425 1347 457 dum
1374 425 1491 465 petivit

931 470 994 501 Pro
1020 470 1125 502 salute
1150 471 1289 504 omnium

931 517 1000 550 Sibi
1025 516 1249 552 famulantium

977 565 1163 610 Exaudivit,

930 613 994 645 Per
1018 623 1111 654 quam
1138 615 1248 647 delicti
1270 616 1365 649 venia

928 660 998 693 Pax
1022 664 1118 701 atque
1141 663 1274 704 iustitia,

976 707 1047 741 Fax
1072 709 1151 742 lucis
1177 715 1210 742 in
1236 711 1377 744 tenebris

977 756 1088 789 Oritur
1115 757 1154 789 de
1179 759 1317 798 superis.

999 852 1046 884 In
1071 854 1103 885 2.
1130 854 1353 894 VesperiS.

1053 927 1099 955 Ad
1118 928 1300 963 Magnificat.

890 1012 899 1019 .
930 985 994 1017 Dei
1019 994 1088 1017 esse
1112 986 1230 1027 digitus

976 1032 1123 1065 Barbara
1147 1035 1315 1079 probatur,

929 1081 994 1113 Per
1018 1090 1110 1121 quam
1136 1082 1239 1114 crucis
1265 1081 1376 1114 titulus

974 1128 1012 1160 In
1036 1133 1132 1169 petra
1156 1128 1324 1170 formatur,

929 1176 1012 1209 Nam
1036 1176 1200 1217 impressit
1223 1186 1283 1218 per
1307 1177 1440 1218 digitum

976 1224 1014 1256 In
1038 1225 1206 1257 marmoris
1232 1225 1349 1258 duritie

929 1272 1041 1305 Crucis
1067 1273 1192 1314 signum
1213 1273 1360 1305 inclitum

976 1320 1111 1353 Manens
1136 1329 1237 1360 usque
1261 1321 1367 1353 hodie.

243 1384 329 1412 Brev.
351 1393 405 1412 ms.
424 1384 599 1414 Caminense
619 1393 695 1413 saec.
721 1383 763 1413 15.
800 1385 869 1414 Cod.
885 1386 1029 1414 Stetiuen.
1046 1384 1217 1419 (Gesellsch.
1237 1387 1257 1415 f.
1278 1386 1485 1423 pommerische

165 1422 270 1451 Gesch.
298 1431 327 1451 u.
348 1422 621 1458 Altertumskunde)
646 1432 669 1450 s.
697 1433 726 1451 n.
746 1424 781 1452 A.
807 1440 843 1444 ——
874 1425 953 1453 Orat.
979 1433 1031 1452 ms.
1053 1425 1222 1453 Dorotheae
1242 1425 1278 1453 (le
1298 1424 1443 1453 Mittelhu:
1457 1433 1492 1452 fn

166 1463 239 1489 anni
260 1458 343 1489 1449.
378 1461 452 1489 Glm.
470 1462 626 1490 Monacen.
649 1459 741 1490 10930
756 1463 788 1490 Β.
814 1479 846 1483 --
868 1463 973 1490 Dium.
989 1463 1166 1491 Gaminense
1186 1464 1256 1500 imp.
1270 1464 1392 1499 Lipsiae
1409 1461 1492 1491 1519.

166 1499 197 1527 Ο.
226 1514 264 1519 -—
290 1499 415 1528 Feruer:
441 1500 564 1535 Antiph.
590 1509 643 1528 ms.
665 1501 781 1528 Veteris
808 1501 901 1529 cellae
928 1509 1004 1529 saec.
1028 1499 1072 1529 15.
1114 1501 1184 1529 Cod.
1211 1503 1343 1538 Lipsien.
1366 1499 1430 1529 772.
1451 1516 1490 1521 —

163 1538 207 1567 In
229 1538 254 1567 1.
274 1539 380 1575 Vesp.
404 1539 430 1566 B
456 1537 510 1566 hat
530 1538 625 1575 Super
645 1538 695 1567 Ps.
719 1547 776 1566 nur
799 1541 865 1567 eine
882 1538 913 1574 A,
935 1540 983 1567 die
1003 1541 1088 1567 erste.
1110 1555 1147 1560 -—
1168 1539 1190 1566 A
1213 1539 1238 1574 1,
1262 1538 1277 1567 1
1300 1539 1492 1567 Exsultfmus

163 1577 250 1605 ABG.
270 1593 310 1597 —
332 1575 355 1603 A
379 1574 403 1610 1,
427 1575 445 1604 2
465 1579 563 1604 mente
582 1576 613 1604 C.
636 1591 671 1596 -—
694 1576 716 1603 A
737 1576 764 1611 4,
785 1574 803 1605 3
828 1578 999 1606 Fenestram
1020 1581 1134 1606 ternam
1155 1576 1186 1612 A,
1208 1580 1315 1606 trinam
1337 1578 1367 1605 C.
1389 1593 1424 1596 —
1446 1578 1493 1606 Ad

163 1616 265 1652 Magn.
289 1613 326 1650 A,
350 1614 367 1643 6
393 1614 522 1643 reddidit
547 1616 578 1643 B.
608 1630 646 1635 —
671 1616 788 1643 Iuvit.
811 1615 827 1643 1
855 1616 1015 1644 iubilantes
1042 1616 1075 1644 B.
1100 1632 1136 1636 ——
1160 1617 1236 1645 Ibid.
1259 1614 1277 1643 2
1300 1616 1493 1644 Exsultemus

162 1654 197 1683 B.
219 1670 258 1675 ——
277 1654 320 1681 In
343 1652 367 1680 1.
389 1654 439 1681 No
451 1656 495 1681 ct.
510 1652 532 1680 A
557 1652 581 1687 1,
602 1651 622 1681 4
637 1652 739 1682 Carnis
759 1655 823 1682 vita
836 1656 870 1683 A.
891 1670 927 1675 -—
943 1653 965 1681 A
987 1652 1013 1688 3,
1037 1653 1051 1682 1
1067 1654 1304 1690 Speculationem
1321 1654 1390 1682 Sion
1407 1656 1440 1683 A.
1454 1669 1492 1674 —-

167 1690 187 1719 Β
213 1691 237 1728 1,
259 1691 279 1719 4
302 1695 429 1720 mentem
452 1692 483 1719 B.
520 1706 555 1711 —
590 1689 611 1717 R
641 1690 665 1726 1,
687 1691 704 1720 9
724 1692 825 1721 Mente
851 1693 925 1721 fehlt
943 1693 977 1721 B.
1005 1708 1040 1712 —
1070 1691 1091 1719 R
1113 1691 1139 1727 2,
1160 1691 1178 1722 3
1200 1693 1238 1721 Se
1265 1702 1330 1721 erc
1350 1696 1494 1730 expressit

163 1732 200 1759 A.
231 1745 266 1750 ——
297 1729 317 1757 R
339 1729 367 1765 2,
387 1728 406 1758 8
427 1731 582 1759 conclusus
605 1731 638 1758 B.
668 1746 705 1750 —
733 1731 775 1759 Iu
795 1729 821 1758 2.
842 1731 947 1760 Noet.
970 1731 992 1758 A
1014 1729 1042 1766 3,
1065 1730 1080 1759 1
1099 1732 1177 1760 Eam
1197 1732 1277 1760 Deus
1298 1732 1376 1759 fehlt.
1402 1732 1434 1760 B.
1454 1746 1493 1751 —

165 1769 188 1797 A
210 1768 238 1805 3,
263 1766 281 1797 3
301 1769 410 1797 Verum
432 1770 490 1796 visi
512 1770 666 1806 prospicit.
688 1770 721 1798 Β,
763 1786 781 1790 -
804 1769 825 1795 Α
848 1770 874 1804 3,
895 1769 915 1798 4
937 1770 1021 1805 Quod
1042 1770 1117 1798 fehlt
1136 1771 1176 1806 A3
1207 1780 1243 1798 ex
1262 1772 1312 1807 pio
1334 1772 1438 1798 auditu
1458 1771 1491 1804 A,

164 1817 201 1837 ex
226 1816 279 1845 pro
308 1808 411 1836 auditu
431 1808 465 1836 B.
493 1822 530 1827 ——
559 1805 579 1834 R
603 1806 628 1842 1,
650 1806 668 1835 6
689 1809 767 1836 Dum
794 1808 869 1837 fehlt
887 1810 926 1843 Β,
952 1810 1049 1837 sciens
1071 1809 1185 1837 nullam
1205 1809 1239 1837 B.
1265 1824 1303 1828 -—
1333 1808 1353 1835 R
1377 1808 1402 1841 1,
1423 1808 1441 1837 9
1462 1810 1493 1836 in

163 1850 249 1883 parte
271 1847 303 1873 B.
335 1861 368 1866 —
398 1844 419 1872 R
440 1843 467 1880 2,
489 1844 507 1874 5
527 1846 612 1875 Haec
633 1855 669 1875 ex
690 1849 764 1875 ortu.
789 1862 824 1866 —
854 1845 874 1873 R
897 1846 922 1882 3,
944 1845 962 1876 3
984 1847 1057 1876 luna
1075 1848 1150 1876 fehlt
1168 1849 1202 1876 Β.
1222 1862 1260 1867 -—
1280 1844 1325 1876 In
1344 1845 1370 1876 3.
1392 1848 1492 1876 Noct.

166 1885 189 1913 A
228 1909 234 1921 ,
258 1883 277 1914 3
298 1885 340 1913 Et
369 1886 459 1913 unica
480 1893 545 1913 esse
565 1886 598 1912 B.
627 1900 663 1905 -ν-
691 1884 713 1912 Α
737 1884 762 1920 1,
784 1884 804 1913 4
824 1886 973 1914 famulam.
994 1902 1032 1906 --
1060 1884 1082 1912 A
1104 1885 1130 1920 2,
1152 1884 1170 1914 3
1189 1886 1232 1915 Et
1251 1886 1323 1915 haec
1345 1887 1409 1914 inde
1433 1885 1491 1913 filia

161 1926 197 1953 Β.
222 1940 261 1945 -
289 1922 309 1951 Β
331 1922 357 1960 2,
380 1921 398 1952 2
418 1924 477 1952 huc
495 1925 529 1952 Β.
555 1938 594 1943 —-
620 1925 662 1952 In
684 1925 796 1952 Laud.
819 1923 840 1951 A
865 1923 888 1959 1,
913 1924 926 1952 1
948 1926 1041 1953 Rivus
1063 1925 1247 1954 admirabilis
1267 1925 1302 1953 A.
1323 1940 1361 1945 —
1387 1923 1409 1952 A
1432 1923 1457 1959 2,
1476 1923 1491 1951 2

162 1963 241 1992 Oves
266 1965 336 1991 sunt
355 1963 389 1991 Β,
414 1978 453 1983 —
485 1961 507 1989 A
537 1960 564 1997 3,
585 1960 605 1990 4
626 1963 708 1992 Caeli
738 1972 773 1991 ex
796 1963 893 1991 edulio
917 1964 951 1991 A.
977 1977 1014 1983 ——
1042 1962 1065 1990 A
1090 1962 1117 1999 4,
1139 1961 1157 1990 2
1175 1963 1382 1992 Benedicimus
1402 1963 1435 1991 B.
1458 1978 1494 1983 --

162 2001 185 2029 A
205 2000 233 2037 4,
253 2000 274 2029 4
294 2001 492 2030 Didascorum
508 2001 544 2030 A.
563 2015 602 2021 —-—
621 2002 667 2030 In
685 2000 713 2029 2.
734 2002 843 2038 Vesp.
863 2002 902 2029 ad.
915 2002 1016 2038 Magn.
1038 2001 1061 2029 A
1084 2000 1100 2029 1
1114 2002 1173 2031 Dei
1195 2011 1258 2030 esso
1279 2003 1386 2039 dignus
1402 2002 1434 2031 B.
1456 2016 1489 2021 -—

163 2040 239 2069 Ibid.
259 2038 280 2068 4
299 2040 432 2068 firmatur
450 2041 484 2069 B.

612 2134 662 2165 47.
693 2133 738 2164 De
758 2134 870 2165 saneta
891 2133 1048 2165 Barbara.

306 2207 356 2241 In
384 2206 414 2241 1.
439 2206 664 2246 Vesperis,

350 2292 446 2329 Super
465 2291 612 2321 Psalmos.

159 2354 202 2386 A.
234 2353 259 2386 O
286 2352 376 2392 virgo
400 2351 506 2391 beata,

233 2400 384 2434 Dioscori
409 2403 495 2439 nata,

932 2205 1036 2237 Nobis
1060 2205 1125 2237 tuis
1150 2204 1295 2245 aemulis,

933 2253 1075 2287 Caritate
1100 2252 1239 2295 famulis,

933 2301 1143 2333 Peccatorum
1167 2301 1293 2333 veniam

932 2349 1077 2391 impetra
1100 2357 1161 2390 per
1186 2350 1322 2391 gratiam

933 2396 1049 2438 sponsi
1074 2398 1122 2429 tui
1147 2397 1280 2440 Christi,
