1655 2568
718 134 976 167 -272—

264 235 310 266 Et
332 234 522 273 promittens
547 231 608 261 hoc
633 229 757 265 devote,

261 279 311 310 De
334 280 399 310 olla
422 281 553 309 mortem
579 274 663 314 quod
682 271 815 311 fugavit.

206 336 234 365 2.
261 334 411 370 AuribuS,
439 336 541 371 pater,
568 329 701 370 percipe

310 378 418 409 Verba
443 376 591 409 clamoris
618 374 687 415 mei,

260 424 302 456 Ut
327 424 469 463 gratiora
492 428 648 461 prospere

307 470 345 500 In
370 478 421 499 me
448 468 619 507 duple-ntur
645 465 718 497 Dei.

202 527 232 557 3.
260 524 383 556 Nomen
405 528 492 555 tuum
519 521 710 554 admirabile

309 572 437 603 Elisaeo
465 568 700 608 demonstrasti,

258 619 378 651 Contra
402 619 536 649 salutem
563 617 676 656 Syriae

311 665 434 706 Sagitta
461 666 533 697 dum
559 663 718 704 pugnasti.

400 741 530 776 Respon·L
536 740 607 766 oria.

201 801 230 833 1.
256 798 380 831 Naman
408 798 507 838 Syrus
534 807 603 829 cum
630 796 755 837 peculio

258 846 420 878 Elisaeum
448 848 592 878 sanctum
619 844 710 886 adiit,

259 896 288 926 A
313 895 407 935 lepra
433 903 503 925 eum
529 898 563 924 ut
590 893 773 934 mundaret,

260 942 321 973 Dei
349 943 460 974 doctus
487 951 525 973 ex
553 940 685 973 consilio

260 990 422 1030 Propheta
448 990 529 1022 dona
556 988 689 1029 respuit,

260 1037 369 1069 Gratis
396 1046 464 1068 eum
492 1040 526 1068 ut
552 1038 699 1077 curaret3

190 1085 229 1119 V.
261 1084 350 1116 Giezi
376 1084 449 1124 Syri
472 1094 585 1116 munus
612 1083 708 1122 capit,

260 1133 330 1164 Hoc
353 1132 404 1164 vir
430 1135 557 1164 sanctus
581 1132 666 1163 intus
693 1131 779 1170 sapit

260 1180 305 1211 Et
328 1179 419 1212 Giezi
445 1180 530 1211 virus
555 1178 666 1211 inficit.

203 1239 234 1268 2.
263 1235 421 1267 Virtutem
449 1235 550 1267 crucis
574 1234 733 1274 gloriosae

309 1283 407 1314 Pater
432 1286 560 1313 sanctus
586 1281 756 1322 figurabat,

264 1328 424 1360 Defuncto
450 1329 560 1359 matris
588 1329 754 1359 dolorosae

311 1375 395 1408 Nato
422 1376 517 1406 vitam
543 1374 747 1416 impetrabat,

263 1422 410 1454 Membra
435 1421 585 1453 membris
610 1421 777 1465 applicuit,

267 1469 351 1500 Puer
375 1469 493 1507 septies
517 1468 681 1511 oscitavit3

198 1516 233 1547 V.
263 1515 422 1547 Adoravit
447 1515 615 1547 Dominum

315 1562 437 1595 Ostium
461 1562 709 1603 praecludendo,

267 1609 419 1641 Circuivit.
443 1610 500 1641 sed
525 1618 656 1648 puerum

316 1657 461 1689 Calorem
486 1655 695 1690 infundendo.

215 1715 248 1747 3.
272 1713 410 1752 Elisaee,
437 1716 529 1752 pater
553 1713 646 1754 bone,

271 1760 390 1793 Confer
411 1760 504 1792 nobis
528 1760 560 1791 in
586 1769 685 1800 agone

316 1808 456 1846 Tempus
481 1806 690 1847 salutiferum,

272 1855 319 1888 Ut
342 1855 374 1886 in
401 1853 524 1893 peccati
548 1855 677 1894 regione

271 1901 358 1933 Salvi
383 1902 465 1933 malo
492 1911 511 1933 a
535 1903 707 1940 praedone,

316 1949 372 1988 Qui
394 1951 535 1980 tenemur
556 1957 639 1980 nexu
654 1950 819 1992 scelerum,

201 1996 237 2029 V.
265 1996 344 2028 Post
367 2005 494 2036 passam
521 1994 635 2027 famem
661 1998 782 2036 gratiae

269 2043 427 2075 Fruamur
452 2042 543 2084 fruge
567 2044 688 2075 veniae.

337 2139 383 2170 ln
410 2140 440 2171 3.
469 2138 698 2172 Nocturno.

415 2204 610 2240 Antiphonae.

215 2252 244 2283 1.
271 2251 309 2283 ln
334 2254 440 2283 monte
463 2254 572 2284 sancto
597 2252 775 2292 requiescet

319 2299 474 2331 Innocens
498 2299 705 2338 adprobatus,

270 2344 315 2376 Et
338 2346 406 2377 laus
432 2346 497 2378 eius
521 2347 703 2388 invalescet,

318 2393 400 2424 Dum
406 2402 482 2433 gens
491 2402 550 2434 per
559 2403 627 2425 eum
636 2398 682 2426 est
689 2395 822 2426 cibatus.

888 227 921 256 2.
946 220 1059 253 Dulcis
1082 218 1266 250 benedictio

993 267 1072 298 Viro
1099 265 1157 295 Dei
1185 262 1246 294 fuit
1272 264 1352 294 data

946 313 986 344 Et
1015 312 1079 344 vita
1105 311 1174 342 sine
1198 309 1334 340 termino

993 359 1088 390 Nunc
1111 357 1173 388 sibi
1199 358 1253 386 est
1274 354 1394 387 adlata.

886 413 917 444 3.
946 411 1049 442 Homo
1078 409 1137 440 Dei
1163 406 1347 447 concupivit

993 457 1122 489 Vultum
1138 455 1199 488 Dei
1214 455 1503 496 contemplandum,

947 504 988 536 Et
1015 505 1102 536 Deus
1129 512 1198 535 eum
1223 501 1388 543 insignivit,

995 550 1135 584 Infectas
1148 560 1246 590 aquas
1261 551 1301 583 ad
1316 551 1502 582 sanandum.

1088 608 1292 644 Responsoria.

888 659 918 692 1.
947 657 1179 698 Prophetarum
1207 656 1275 695 filii,

993 706 1126 738 Fratres
1154 705 1193 737 de
1220 704 1375 744 Carmelo,

948 754 1126 786 Candorem
1152 751 1245 785 fertis
1270 753 1330 784 lilii

993 802 1032 834 1n
1057 804 1145 832 terra
1171 804 1202 832 et
1227 800 1258 832 in
1288 801 1386 842 caelo,

946 849 1028 881 Nam
1053 848 1176 881 Elisaei
1203 848 1334 887 pallium

993 898 1031 930 In
1058 906 1114 928 vos
1141 899 1190 928 est
1214 897 1415 935 translatum,

947 945 992 977 Ut
1018 947 1138 976 castum
1164 943 1206 975 sit
1232 944 1417 983 obsequium

995 994 1143 1024 Vestrum
1168 994 1200 1023 et
1224 991 1442 1031 humiliatum3

876 1043 914 1075 V,
946 1041 1055 1073 Oleum
1082 1042 1208 1070 auctum
1236 1039 1352 1071 viduae

995 1089 1058 1121 Per
1083 1091 1226 1118 sanctum
1248 1086 1414 1118 Elisaeum

945 1137 1007 1168 Est
1032 1144 1111 1174 opus
1137 1135 1223 1175 pium
1250 1134 1363 1166 sedule

992 1183 1152 1215 Effectum
1177 1185 1312 1222 propter
1337 1181 1450 1214 Deum.

888 1238 919 1268 2.
948 1235 971 1267 O
1000 1234 1138 1267 Carmeli
1163 1234 1314 1274 princeps
1340 1238 1461 1271 sancte,

947 1282 1021 1313 Dux
1047 1281 1211 1320 religionis
1237 1285 1356 1318 tantae,

948 1329 1053 1360 Vitam
1083 1328 1210 1366 celsam,
1238 1338 1332 1368 quam
1361 1329 1481 1361 duxisti

948 1376 984 1407 ln
1010 1375 1101 1407 nobis
1127 1385 1180 1407 ora
1208 1376 1291 1408 hanc
1315 1376 1449 1419 firmari,

873 1424 911 1456 V.
942 1423 1070 1460 Veram,
1096 1423 1258 1458 mundam,
1285 1424 1481 1461 abdicatam,

947 1472 1065 1503 Iustam
1095 1471 1191 1503 vitam
1217 1472 1441 1511 adprobatam.

887 1526 918 1558 3,
944 1524 1149 1555 Admiranda
1174 1525 1329 1557 sanctitas

993 1571 1047 1603 Ex
1074 1572 1166 1611 eopia
1191 1572 1366 1611 gratiarum

1041 1619 1106 1652 Per
1130 1618 1243 1651 fideles
1269 1621 1441 1664 recolatur,

947 1666 1031 1698 Dum
1057 1670 1217 1707 gestorum
1245 1669 1406 1708 quantitas

993 1714 1156 1754 Principis
1182 1716 1413 1756 prophetarum

1043 1761 1167 1794 Elisaei
1190 1767 1396 1803 memoratur,

949 1808 1030 1840 Nam
1055 1809 1088 1840 in
1114 1810 1182 1842 vita
1207 1814 1239 1842 et,
1262 1812 1296 1844 in
1320 1817 1424 1845 morte

950 1855 1010 1886 Dei
1032 1855 1132 1888 claret
1156 1867 1257 1897 aequa
1281 1863 1369 1892 sorte

999 1902 1104 1942 Signis
1131 1908 1163 1935 et
1185 1906 1368 1949 miraculis;

879 1949 917 1983 V.
950 1948 1122 1980 Sunamitis
1146 1950 1247 1983 filium

998 1996 1113 2028 Vivum
1138 1999 1305 2033 suscitavit

951 2042 995 2073 Et
1021 2043 1159 2075 cadaver
1184 2050 1339 2081 mortuum

999 2087 1177 2123 Defunctus
1204 2097 1372 2130 recreavit.

1044 2162 1088 2193 In
1115 2162 1344 2199 Laudibus.

1090 2211 1285 2249 Antiphonae.

899 2255 928 2287 1.
955 2253 1043 2286 Deus
1069 2263 1175 2287 carum
1201 2256 1301 2291 filium

999 2302 1111 2334 Induit
1136 2303 1260 2344 decore,

956 2348 1011 2381 Cui
1038 2349 1139 2389 patris
1165 2351 1298 2390 pallium

1000 2396 1093 2428 Misit
1118 2405 1156 2428 ex
1181 2407 1299 2433 amore.
