1653 2567
734 154 991 189 —226—

277 250 361 277 BreV.
382 259 435 278 ms.
456 249 485 277 S.
505 249 605 277 Iacobi
619 248 745 276 Brunen.
766 246 811 276 30.
833 256 909 276 saec.
931 247 1004 277 1⁴l15.
1025 248 1060 275 A.
1081 263 1117 268 --
1138 248 1222 275 BreV.
1244 256 1297 275 ms.
1312 245 1516 283 Raigradense

198 288 237 329 —D
266 311 282 338 Ι
301 311 319 338 b
343 308 367 337 1.
397 320 461 338 aec.
479 309 520 338 15.
536 310 570 337 B.
590 324 626 329 —
646 310 686 338 In
707 307 733 337 1.
752 309 857 345 Vesp.
874 307 904 343 R,
921 309 935 337 1
951 310 975 338 O
991 312 1084 337 mater
1097 309 1131 336 A.
1150 323 1181 327 —
1203 309 1279 337 Ibid.
1295 307 1312 336 2
1326 309 1390 336 Deo
1406 308 1514 335 dilecta

202 336 329 399 &rdula
343 371 373 398 B.
389 388 426 392 —-
439 371 513 398 Ibid.
528 368 555 397 4.
569 371 704 398 Miranda
717 371 876 406 praeconia
887 370 920 397 B.
936 385 973 389 —
986 370 1063 398 Ibid.
1078 369 1095 397 6
1109 372 1142 397 tu
1153 370 1227 398 fehlt
1239 371 1278 405 A;
1294 371 1335 398 sis
1349 370 1423 397 fehlt
1438 369 1513 396 B.—

200 409 275 437 Ibid.
295 406 369 436 7—9
390 409 488 436 fehlen
507 410 539 436 Β.
566 422 602 426 -
629 408 704 436 Ibid.
727 406 761 435 12
781 408 917 444 Regnans
937 409 970 436 B.
1000 424 1038 428 —
1064 408 1149 436 Nach
1169 408 1220 436 der
1241 409 1364 437 Oration
1385 407 1464 435 steht
1483 409 1514 435 in

201 448 224 475 Β
242 446 316 474 noch
337 446 469 481 fulgendo
491 445 527 472 A:

632 484 810 520 Angelorum
830 485 863 510 tu
882 485 985 520 regina

632 521 734 549 Laude
753 521 828 548 freta
848 521 956 556 divina,

633 557 764 595 Sponsae
784 559 908 586 dilectae
930 560 1076 587 canticum

631 596 743 624 Iubilat
760 597 933 632 virgineum,

631 634 795 662 Laui-eatae
815 635 946 669 gemmis,
967 636 1051 669 rosis,

630 671 800 707 Margaritis
821 673 958 707 pretiosis

630 709 672 737 Et
691 711 806 737 coronis
829 711 935 738 aureis.

199 756 248 783 Ad
272 756 371 783 Noct.
400 756 472 783 alles
499 756 534 783 sle
562 756 722 784 Communi.
749 770 787 774 -—-
822 756 863 783 In
888 756 996 784 Laud.
1025 756 1047 783 Α
1077 756 1100 790 1,
1122 754 1140 783 2
1167 756 1236 785 fidei
1262 758 1388 793 insignis
1413 757 1448 785 A.
1475 774 1513 778 —

200 792 222 820 Α
243 794 269 825 3,
289 791 303 820 1
325 792 450 821 Gemunt
469 795 586 829 tyranni
607 793 702 822 iaculo
724 795 754 822 Β.
776 809 812 813 -
840 792 862 820 Α
883 793 909 827 4,
925 793 942 822 6
959 796 1118 823 Dominum
1138 796 1171 822 Β.
1193 810 1229 814 -
1251 794 1272 821 Α
1294 795 1320 829 5,
1337 794 1354 822 2
1375 797 1510 831 insignis.

199 832 230 859 Β.
258 847 293 850 -
320 831 361 858 In
385 830 410 858 2.
437 832 538 867 Vesp.
566 832 601 858 ad
629 831 727 869 Magn.
749 830 787 865 Α,
813 829 830 859 3
852 831 919 859 Stat
942 834 1055 860 invicta
1081 836 1221 869 quassata
1242 834 1280 869 133
1310 834 1366 861 lies
1394 835 1510 869 quando

202 869 279 896 icta?
300 884 307 888 -
356 869 430 897 Ibid.
452 868 469 896 5
488 870 551 897 Iam
570 869 644 896 fehlt
662 870 694 897 B.
715 884 752 888 —
772 869 847 897 Ibid.
869 868 886 897 9
906 871 968 899 Nos
989 872 1084 899 salvet
1103 872 1135 899 B.

583 999 630 1029 80.
661 1000 703 1030 De
724 1007 765 1030 ss.
787 999 892 1030 cosma
915 1002 948 1031 et
966 1001 1125 1032 Damiano.

341 1087 386 1118 In
415 1088 443 1119 1.
470 1088 686 1127 vesperis.
951 1091 995 1122 Et
1018 1091 1197 1131 praesentis
1223 1092 1308 1124 vitae
1333 1101 1467 1132 pompas

999 1138 1178 1178 respuendo
1211 1140 1324 1171 noxias

954 1184 1139 1217 Gloriantur
1165 1189 1197 1218 et
1221 1187 1382 1218 exsultant

999 1232 1032 1264 in
1059 1233 1186 1265 caelesti
1212 1234 1327 1273 patria.

414 1151 608 1188 Antiphonae.

218 1211 248 1241 1.
275 1208 363 1240 Haec
387 1210 428 1242 ad
452 1209 579 1241 laudem
604 1211 715 1242 summi
741 1212 823 1251 regis

209 1999 227 2031 (π

318 1257 454 1288 exsultet
478 1256 612 1288 ecclesia

275 1302 405 1335 Cosmae
428 1306 521 1343 atque
544 1303 691 1336 Damiani

322 1350 453 1383 colendo
477 1350 653 1383 sollemnia.

240 1433 245 1438 .
274 1406 388 1438 Exorti
412 1410 485 1438 sunt
508 1415 569 1438 uno
597 1407 648 1439 die

319 1453 437 1485 illustri
461 1454 619 1494 progenie,

273 1499 342 1532 Uno
369 1510 490 1541 quoque
515 1504 585 1532 sunt
609 1503 713 1535 renati

314 1551 436 1579 sacrato
460 1548 658 1587 baptismate.

242 1628 249 1635 .
276 1602 352 1634 Sese
374 1613 509 1644 namque
533 1605 749 1646 mancipantes

319 1651 351 1681 in
378 1652 556 1692 praeceptis
582 1652 707 1685 Domini

273 1697 353 1728 Toto
378 1699 448 1730 nisu
472 1704 661 1739 respuerunt

320 1744 537 1778 blandimenta
561 1749 688 1782 saeculi.

235 1825 241 1832 .
268 1798 461 1841 Adflictique
485 1811 543 1841 per
570 1803 693 1836 diversa

315 1850 539 1881 tormentorum
566 1859 682 1890 genera

269 1894 454 1928 Meruerunt
479 1897 609 1937 gloriosi

314 1942 388 1975 vehi
414 1952 512 1983 super
537 1945 676 1981 aethera.

233 2022 241 2030 .
267 1998 387 2030 Terrea
414 1999 592 2039 linquentes

312 2047 498 2086 excelsaque
522 2056 620 2089 regna
643 2053 788 2090 petentes

269 2093 387 2126 vivunt
410 2094 443 2125 in
470 2094 595 2127 Christo

314 2150 453 2182 superna
476 2142 546 2174 luce
570 2142 715 2179 fruendo.

386 2216 432 2243 Ad
449 2217 628 2254 Magnificat.

231 2297 238 2304 .
270 2272 413 2305 (josmam
439 2277 534 2315 atque
556 2275 746 2309 Damianum

313 2328 499 2354 veneremur
523 2326 689 2364 martyres,

268 2366 327 2405 Qui
351 2369 468 2401 virtute
492 2371 675 2404 meritorum

311 2415 488 2449 micuerunt
512 2419 652 2452 celebres

1016 1356 1077 1387 Ad
1103 1355 1373 1391 Matutinum.

1088 1430 1306 1459 Invitatorium.

951 1487 1130 1520 Adoremus
1156 1492 1346 1521 venerantes

999 1543 1106 1575 regem
1130 1544 1240 1575 regum
1267 1537 1453 1576 Dominum,

952 1581 989 1613 In
1014 1591 1074 1621 quo
1100 1581 1238 1624 refulget
1263 1593 1380 1618 corona

998 1630 1137 1670 gloriosa
1160 1634 1344 1672 martyrum.

1015 1753 1059 1785 111
1087 1754 1117 1787 1.
1144 1753 1375 1789 Nocturno.

1096 1828 1292 1864 Antiphonae.

892 1883 922 1916 1.
950 1884 988 1916 In
1010 1885 1120 1924 Aegea
1145 1886 1274 1919 civitate

996 1932 1059 1963 orti
1083 1933 1174 1973 prole
1197 1935 1321 1967 nobiles

952 1978 1082 2011 Cosmas
1108 1982 1203 2020 atque
1227 1982 1403 2015 Damianus

996 2027 1187 2060 exstiterunt
1210 2039 1372 2070 proceres.

891 2084 923 2115 2.
949 2083 1017 2115 Hos
1042 2093 1103 2116 uno
1130 2089 1202 2117 ortu
1225 2088 1366 2127 geminos

998 2129 1076 2162 felix
1096 2135 1198 2165 mater
1223 2135 1335 2176 edidit,

947 2178 1086 2210 Adultos
1109 2188 1186 2219 quos
1211 2183 1326 2214 studiis

994 2226 1160 2258 literarum
1185 2230 1333 2263 tradidit.

891 2282 922 2314 3.
949 2282 1044 2315 Docti
1068 2292 1143 2316 vero
1171 2284 1337 2319 dominicis

998 2331 1151 2370 exemplis
1180 2336 1211 2364 et
1235 2335 1328 2374 apice

947 2378 1001 2409 Ad
1024 2387 1128 2411 arcem
1155 2389 1296 2414 summae
1320 2384 1449 2417 virtutis

997 2431 1182 2460 meruerunt
1205 2431 1370 2466 scandere.
