1653 2567
223 254 311 286 Mors
337 253 425 293 fugit,
452 255 500 285 tot
523 252 613 284 milia
903 249 927 282 O
952 248 1028 281 fidei
1051 248 1191 287 lucerna,

223 302 275 334 Ad
302 300 382 333 caeli
405 300 519 332 sedilia
903 296 970 328 Nos
994 295 1059 328 fide
1084 297 1218 335 paterna

224 348 419 388 Triumphali
446 347 547 388 gloria
945 343 1081 376 Domino
1108 341 1293 375 commenda

224 396 401 428 Praemissa
424 395 591 426 laetantur.
898 391 943 423 Et
967 394 1117 423 consueta
1143 389 1246 430 gratia

900 439 977 471 Post
1002 438 1086 470 vitae
1111 437 1225 469 solatia

898 484 1052 517 Transfer
1075 485 1115 517 ad
1140 484 1261 524 palatia

948 532 1080 572 Semper
1105 531 1310 572 possidenda.

321 461 390 488 Alia
408 459 585 495 Antiphone..

152 509 191 539 A.
224 509 248 541 O
274 509 374 548 gloria
398 506 591 547 pontificum,

224 556 247 588 O
273 555 360 587 sidus
385 553 561 593 mirificum,

230 612 310 639 Brev.
338 618 390 637 ms.
411 610 585 637 Pataviense
612 616 688 635 saec.
719 606 762 635 15.
804 607 873 635 Cod.
896 607 1067 635 Gottwieen.
1097 604 1164 634 436.
1184 607 1218 633 A.
1239 620 1275 624 —-
1295 605 1381 632 Brev.
1402 613 1455 632 ms.

152 649 324 675 Pata-:iense
355 655 429 674 saec.
470 645 513 674 14.
560 645 629 673 Ood.
662 642 838 673 Zwethalen.
870 643 931 672 140.
963 645 995 672 Β.
1022 660 1061 665 —-
1087 646 1172 672 Brev.
1198 653 1250 671 ms.
1274 643 1454 672 Pataviense

153 694 226 713 saec.
251 683 292 712 14.
327 684 394 713 Cod.
417 685 511 712 Palat.
531 682 735 711 vindobonen.
759 681 839 711 1891.
862 682 891 710 C.
907 697 941 701 —
954 683 1038 710 Brcv.
1050 691 1101 710 ms.
1117 683 1294 710 Pataviense
1314 689 1390 708 saec.
1409 679 1452 708 15.

153 723 224 750 Glm.
245 723 395 750 Monacen.
418 720 518 749 11047.
538 723 576 749 D.
600 735 636 740 —
657 721 740 748 Brev.
761 730 814 748 ms.
835 721 1010 748 Monaeonse
1030 728 1105 747 saec.
1129 718 1172 747 15,
1206 719 1277 747 Olm.
1300 719 1453 746 Monacen.

153 758 259 787 2:3275.
279 760 315 787 E.
337 774 372 779 ffl
395 760 437 787 In
467 758 491 787 1.
511 760 617 793 Vesp.
639 757 732 795 Super
751 759 798 786 Ps.
819 767 874 786 nur
896 760 961 786 eine
981 757 1171 794 (prosaische)
1191 756 1341 793 Antiphon
1361 756 1396 783 E.
1418 773 1455 777 —

155 796 184 830 R,
206 797 223 825 5
243 799 378 834 gratuitis
404 798 566 832 praefectus
586 796 630 826 D,
657 798 823 833 gratuitatis
843 797 987 831 perfectus
1007 797 1039 823 B.
1060 810 1096 815 -—
1116 796 1157 823 In
1178 794 1203 822 1.
1224 796 1323 823 Noct.
1346 792 1367 819 A
1389 793 1415 829 2,
1437 793 1455 821 2

155 835 283 863 Fremuit
309 836 349 869 133
376 834 545 869 Superbivit
572 834 601 861 C.
632 852 668 856 —
695 833 714 859 R
747 833 771 868 1,
794 833 808 861 1
835 833 907 861 Oum
932 834 991 862 AB.
1035 850 1047 853 -
1079 832 1098 860 R
1127 832 1150 867 1,
1173 834 1190 861 3
1218 833 1343 860 Domino
1365 832 1396 860 O.
1417 847 1455 851 —

153 871 172 897 Β
205 871 227 906 l,
249 871 265 900 9
294 873 366 900 iehlt
392 872 422 899 C.
443 887 480 891 —
508 871 527 898 R
559 870 584 904 2,
606 873 622 902 9
648 872 722 901 fehlt
747 872 776 899 C.
799 886 834 892 -ψ
858 870 878 897 Β
908 870 934 906 3,
956 871 972 900 9
994 872 1123 900 Subveni
1144 873 1176 899 Β.
1196 885 1233 890 —
1254 871 1297 898 In
1321 868 1346 896 2.
1369 871 1454 898 Noct.

153 908 175 936 A
198 909 222 943 1,
243 909 262 937 4
281 910 322 937 Et
341 912 486 938 certamen
507 911 567 937 AB.
582 927 620 931 —
636 909 656 937 R
681 908 704 944 1,
728 908 742 937 1
764 910 836 938 haec
855 910 929 937 fehlt
949 910 1006 938 BC.
1022 925 1058 929 —
1081 909 1100 935 R
1126 908 1148 943 l,
1170 908 1187 936 2
1208 909 1348 936 Sanctum
1362 908 1451 936 Eras-

151 956 228 974 murn
253 949 333 975 vinci
352 950 386 975 A.
407 962 443 966 —
465 946 484 973 R
511 946 537 982 3,
560 947 574 975 1
594 950 652 977 Per
677 948 751 983 picis
777 950 807 975 et
825 948 857 974 B.
879 962 916 966 —
939 946 958 974 Β
984 946 1010 981 3,
1031 947 1051 975 4
1074 948 1157 976 velut
1181 949 1213 974 in
1238 955 1303 974 rore
1324 946 1379 974 BC.
1414 961 1452 966 —

153 983 173 1010 R
197 984 222 1018 1,
244 984 258 1012 1
280 983 439 1021 Lugridam
460 985 489 1013 C.
507 1002 540 1005 —
555 984 575 1011 R
599 986 623 1020 1,
644 986 661 1014 5
683 986 862 1013 admirantur
882 986 913 1013 B.
929 986 1019 1013 —In
1040 984 1066 1013 3.
1085 986 1183 1013 Noct.
1206 983 1225 1011 R
1248 983 1274 1020 3,
1298 982 1315 1010 2
1335 985 1447 1012 Doctor

153 1023 226 1058 legis
253 1024 354 1058 agonis
374 1023 411 1055 B;
439 1023 513 1059 legis
537 1026 645 1059 agonia
663 1022 761 1058 regiae
782 1024 812 1051 C.
833 1038 865 1042 —
890 1024 931 1051 In
952 1024 1064 1051 Laud.
1092 1024 1129 1050 ad
1149 1024 1255 1051 Bened.
1277 1021 1309 1056 Α,
1331 1022 1348 1050 5
1369 1023 1451 1050 Feri-

156 1069 268 1087 manam
301 1060 330 1087 Ο.
351 1074 389 1079 ->
409 1061 451 1087 In
480 1059 506 1087 2.
527 1062 629 1097 Vesp.
658 1062 695 1089 ad
713 1061 811 1098 Magn.
839 1060 860 1087 A
885 1060 899 1088 1
920 1061 993 1089 fehlt
1012 1062 1051 1095 A;
1071 1060 1095 1087 Α
1117 1060 1134 1088 2
1154 1061 1228 1089 fehlt
1244 1061 1304 1089 AB.
1325 1075 1362 1079 —-
1382 1061 1454 1088 Zum

155 1097 288 1125 Officium
313 1098 447 1126 kommen
467 1107 519 1126 vor
540 1099 586 1127 die
600 1100 749 1134 Hymnen:
774 1100 854 1127 Haec
874 1099 935 1127 dies
956 1100 1145 1135 acceptabilis
1160 1100 1184 1126 A
1198 1100 1292 1129 (Anal.
1313 1099 1364 1132 IV,
1376 1097 1455 1134 136);

152 1136 238 1204 (geusl
258 1136 515 1207 τίιξιᾞίῃΜῑῗιίΙίωω
537 1136 585 1164 ΒΟ
603 1137 649 1169 (de
664 1137 838 1172 Communi);
860 1137 883 1165 Ο
905 1140 987 1172 pater
1007 1138 1091 1171 alme,
1113 1137 1237 1165 clemens
1259 1141 1345 1172 atque
1365 1139 1414 1173 pie
1427 1138 1455 1165 D

189 1182 227 1201 na
241 1192 247 1198 .
407 1193 413 1200 .

599 1247 643 1278 97.
671 1248 714 1278 De
735 1252 840 1279 saneto
860 1247 999 1280 Erasmo.

292 1317 336 1348 In
363 1315 393 1348 1.
419 1315 636 1355 Vesperis,
1011 1318 1056 1345 Ad
1076 1318 1256 1355 Magnificat.

365 1388 557 1425 Antiphonae.
826 1376 866 1408 A.
898 1376 922 1408 Ο
949 1375 1119 1407 recolenda
1145 1376 1223 1416 dieS,

944 1423 1105 1455 sollemnis
1132 1426 1163 1454 et
1187 1424 1300 1456 inolita
1324 1422 1438 1463 fulges,

896 1470 964 1508 Qua
988 1471 1115 1509 praesul
1140 1475 1269 1503 sanctus

942 1518 984 1549 ad
1011 1517 1167 1550 Christum
1201 1518 1329 1550 scandit
1353 1518 1453 1550 Eras-

164 1447 194 1479 1.
221 1446 374 1486 Martyris
400 1448 516 1487 egregii

267 1492 381 1525 festum
415 1494 607 1527 celebremus
632 1496 769 1539 Erasmi,

223 1540 280 1578 Qui
308 1540 464 1573 dominum
489 1543 569 1574 caeli

272 1588 385 1620 dilexit
407 1591 512 1620 mente
535 1589 634 1623 fideli.
897 1611 991 1643 Cuius
1016 1621 1123 1644 amore
1148 1611 1233 1645 feras
1286 1575 1367 1606 mus’

163 1654 194 1686 2.
222 1653 352 1685 Praesul
376 1654 429 1685 hic
452 1655 561 1687 insano
945 1660 1117 1700 assumpsit
1141 1669 1276 1701 corpore
1301 1670 1430 1701 poenaS,

265 1701 411 1733 turbante
434 1702 631 1735 Diocletiano
896 1705 1036 1739 Vulnera
1061 1716 1119 1747 per
1145 1709 1232 1741 cuius

218 1747 393 1780 Ecclesiam
417 1752 507 1781 vasta
945 1759 1058 1793 pereat
1081 1756 1168 1788 vitae
1191 1758 1293 1790 scelus
1320 1757 1422 1791 huiuS.

268 1795 418 1827 silvarum
443 1797 559 1828 lustrat
583 1807 692 1837 opaea.

163 1861 193 1892 3.
221 1860 328 1901 Quem,
356 1862 428 1893 dum
455 1862 575 1894 devitat
965 1859 1027 1891 Ad
1052 1862 1319 1896 Matutinum·

267 1908 407 1940 homines
419 1910 632 1951 mundumque
640 1911 769 1954 refutat,

220 1954 396 1988 Caelicolae
419 1957 514 1989 nitidi

265 2003 406 2035 solantur
430 2002 547 2036 famine
570 2006 649 2039 miti.
900 1991 1015 2024 omnes
1042 1994 1206 2034 ‘molesme’

946 2049 1062 2079 sponso
1087 2042 1224 2075 iubilare
1249 2044 1366 2085 venite,

899 2088 1056 2128 Martyrio
1083 2093 1227 2123 sanctum

947 2136 1001 2175 qui
1024 2137 1214 2178 glorificavit
1238 2140 1420 2175 Erasmum.

1033 1935 1249 1964 Invitatorium.

160 2068 191 2098 4.
218 2067 317 2100 Escas
342 2070 404 2102 iste
427 2070 496 2109 pias

268 2116 352 2157 capit
376 2126 394 2148 a
420 2119 522 2150 corvis
547 2123 583 2151 ut
606 2120 705 2164 Elias,

222 2161 372 2195 Subvenit
396 2166 542 2205 aegrotis,

270 2211 411 2250 disparet
436 2213 570 2245 callidus
595 2215 705 2250 hostis,

165 2276 195 2306 5.
221 2275 330 2307 Mente
355 2276 416 2308 sibi
440 2281 531 2310 notas

271 2323 421 2355 salvatori
448 2326 531 2357 canit
556 2328 643 2368 odas,
1045 2315 1240 2352 Antiphonae.

226 2368 279 2401 Sic
302 2379 362 2410 ope
388 2371 493 2404 divina
846 2380 876 2412 1.
904 2380 1055 2421 Principe
1080 2383 1223 2418 Romano

272 2418 408 2450 donante
431 2417 467 2450 fit
489 2420 593 2454 hostia
618 2423 699 2456 viva.
948 2433 1101 2468 regnante
1124 2432 1326 2468 Diocletiano

962 2241 1007 2272 In
1037 2242 1065 2274 1.
1093 2242 1328 2278 Nocturno.
