1653 2567
696 176 948 212 —157-

166 266 206 299 V.
238 267 412 308 Tamquam
441 270 574 303 devotus
601 272 733 313 virginis

239 315 408 348 Francisci
432 318 535 357 patris
560 319 688 351 humilis

292 363 450 396 Conditur
474 365 533 397 sub
557 368 677 408 regula.

183 420 214 452 3.
242 419 499 462 Bernhardinus‚
525 423 579 454 hic
603 424 723 456 saeculi

289 468 348 500 Vir
373 469 491 502 nobilis
515 471 645 511 electus,

234 515 361 547 Mariae
385 517 498 549 matris
523 518 654 550 Domini

284 563 346 595 Est
369 565 505 605 gratiam
531 566 677 606 adeptus,

237 611 419 651 Antequam
446 612 613 654 Seraphici

282 658 339 691 Fit
363 661 492 701 regulae
517 661 688 704 subiectus,

164 706 203 738 V.
232 706 289 739 Fit
313 710 447 747 propter
471 709 685 741 innocentiam

237 753 282 785 Et
305 755 411 787 carnis
438 756 626 796 pudicitiam

286 802 392 835 Valde
416 803 487 836 Deo
515 804 660 837 dilectus,

303 926 351 958 In
378 929 409 959 2.
437 927 667 960 Nocturno.

384 1012 582 1048 Antiphonae.

178 1080 210 1113 1.
237 1079 387 1120 Magistri
413 1088 544 1112 normae
569 1080 718 1112 subditur

289 1127 407 1159 Literis
434 1127 624 1160 imbuendus

241 1173 412 1215 Nullisque
437 1175 535 1215 gestis
561 1176 662 1207 utitur

284 1222 338 1254 Ad
363 1232 478 1255 noxam
504 1222 751 1263 pertrahendus,

178 1281 209 1312 2.
235 1280 354 1312 Divino
381 1280 478 1312 verbo
502 1280 646 1320 pascitur

284 1327 335 1359 Ex
362 1336 418 1359 ore
439 1328 656 1368 praedicantis

233 1375 423 1416 Zelatorque
449 1374 589 1407 efficitur

289 1422 411 1456 Cuncta
436 1423 497 1455 Dei
527 1422 674 1455 creantis.

179 1480 210 1513 3.
236 1479 301 1511 Hic
326 1480 478 1519 pauperis
495 1480 623 1520 inopiae

286 1527 343 1559 Pie
364 1527 547 1568 auxiliatur,

239 1575 269 1606 A
293 1575 449 1615 largitore
474 1575 596 1615 gratiae

283 1622 374 1654 Haec
398 1622 499 1654 virtus
523 1623 573 1654 illi
597 1623 700 1655 datur.

376 1717 586 1753 Responsoria.

182 1785 211 1817 1.
239 1785 324 1818 Dum
349 1794 431 1825 puer
456 1786 554 1818 corde
578 1787 689 1819 sedulo

238 1833 299 1865 Dei
326 1833 438 1867 auditu
462 1834 583 1874 patulo,

288 1881 428 1913 Verbum
455 1882 618 1923 audiebat,

239 1930 288 1962 De
313 1939 347 1962 se
372 1929 410 1962 fit
434 1933 523 1962 vates
549 1930 706 1975 publicus,

235 1978 321 2010 Dum
346 1978 455 2019 pueris
480 1981 543 2010 tam
571 1977 716 2011 fervidus

287 2027 327 2059 Id
352 2035 485 2067 surgens
510 2027 731 2070 proponebat;

168 2074 206 2106 V.
235 2074 318 2107 Nam
346 2075 576 2114 praedilectam
601 2075 712 2117 habeo,

238 2123 358 2155 Amore
381 2123 470 2154 cuius
495 2123 640 2164 langueo,

285 2171 337 2203 De
362 2171 487 2212 virgine
514 2171 651 2204 dicebat.

176 2230 207 2262 2.
236 2228 391 2261 Senarum
415 2229 471 2269 pia
495 2229 608 2261 civitas

284 2276 406 2309 Saevae
431 2277 531 2317 pestis
557 2277 671 2309 iaculis

330 2325 488 2357 Letaliter
512 2326 672 2368 pingatur,

232 2373 336 2406 Huius
361 2374 436 2405 almi
461 2374 565 2413 pietas

283 2421 462 2461 Aegrorum
488 2421 648 2462 obsequiis

330 2469 488 2504 Hilariter
512 2472 665 2509 moratur,

858 274 894 307 V.

869 426 899 458 3.

926 274 1154 306 Annunciante
1178 273 1293 313 virgini

929 322 1036 354 Corde
1063 322 1178 354 ductus
1203 320 1315 353 humili

976 369 1102 401 Devote
1128 369 1297 402 recolatur.

926 426 964 459 In
989 426 1052 458 Dei
1077 424 1188 458 labore
1213 424 1356 458 fervidus

929 473 1094 506 Convertit
1118 481 1188 504 reos
1213 473 1340 512 penitus

974 521 1024 553 De
1049 521 1104 554 via
1127 520 1307 561 pravitatis,

927 568 1016 600 Dans
1040 568 1224 600 meretrices
1249 568 1364 608 nuptui

927 615 1081 648 Subactas
1105 615 1178 647 illas
1203 614 1278 647 fidei

978 663 1042 695 Sub
1069 662 1182 695 foedus
1208 662 1394 703 honestatis,

926 711 1061 743 Iudaeos
1087 712 1176 742 veste
1202 710 1340 742 candida

927 758 1099 799 Ornatque,
1121 757 1202 798 tegit
1227 758 1359 790 crimina

975 805 1039 838 Sub
1065 805 1131 838 fide
1155 805 1317 837 trinitatis.

992 948 1040 980 In
1066 950 1098 983 3,
1124 947 1353 982 Nocturno.

1071 1022 1267 1058 Antiphonae.

891 1106 899 1113 .
933 1081 1053 1113 Amore
1077 1081 1139 1113 Dei
1162 1079 1310 1121 flagitans

974 1128 1040 1160 Dat
1064 1136 1140 1168 opes
1166 1129 1369 1167 temporales,

925 1175 1047 1208 Mereri
1071 1185 1106 1208 se
1132 1174 1313 1207 certificans

973 1224 1050 1256 Post
1076 1232 1169 1264 gazas
1196 1224 1384 1255 aeternales.

924 1280 1090 1313 Francisci
1116 1281 1218 1320 patris
1240 1280 1353 1312 habitu

972 1328 1159 1360 Humillime
1182 1328 1320 1360 laetatur

924 1376 974 1408 Ac
999 1379 1065 1408 toto
1090 1376 1175 1408 vitae
1199 1376 1337 1408 transitu

971 1424 1043 1457 Hoc
1068 1425 1175 1456 votum
1201 1423 1401 1456 observatur.

891 1506 897 1513 .
924 1481 1079 1513 Perennis
1104 1481 1189 1512 vitae
1213 1481 1347 1522 gloriam

973 1528 1012 1560 Ei
1036 1532 1146 1568 pastor
1171 1529 1351 1569 pollicetur,

929 1576 989 1615 Qui
1013 1576 1091 1607 trini
1115 1576 1183 1607 voti
1208 1576 1345 1608 hostiam

974 1623 1154 1656 Observans
1179 1622 1359 1663 profitetur.

1065 1728 1198 1763 Respons
1208 1728 1273 1755 iria.

893 1812 899 1819 .
928 1787 952 1820 O
971 1786 1203 1827 Bernhardine,
1229 1786 1315 1818 vitae
1339 1787 1485 1826 probitas

926 1834 1162 1875 Doctrinaeque
1176 1837 1208 1865 te
1225 1834 1336 1867 laudat
1353 1835 1482 1875 veritas,

926 1882 1035 1922 Teque
1052 1885 1145 1914 ornat
1162 1882 1314 1914 virtutum
1334 1882 1485 1915 nobilitas

926 1930 1034 1970 Teque
1059 1930 1277 1971 prodigiorum
1302 1931 1450 1974 claritas3

926 1978 1040 2011 Sacros
1066 1978 1165 2010 libros
1193 1979 1374 2021 condidisti,

926 2027 999 2059 Iesu
1023 2035 1138 2058 nomen
1163 2026 1340 2060 ostendisti.

928 2084 1010 2116 Dum
1036 2083 1148 2116 mundi
1172 2086 1300 2123 spretor
1324 2083 1469 2115 inclitum

976 2133 1184 2165 Franciscum
1210 2131 1363 2173 imitatur,

927 2181 965 2213 1u
993 2189 1085 2212 omne
1110 2188 1189 2219 opus
1217 2179 1370 2219 optimum

975 2229 1154 2261 Ferventer
1178 2225 1402 2267 inflammatur,

927 2276 972 2309 Ut
997 2276 1085 2308 sidus
1111 2275 1229 2315 mundo
1256 2273 1413 2316 fulgidum

975 2323 1026 2356 Ab
1051 2322 1196 2356 omnibus
1224 2324 1387 2363 credatur3

925 2372 1063 2412 Propter
1088 2372 1223 2412 gratiam
1249 2380 1428 2405 sermonum

926 2419 1232 2460 Observantiamque
1258 2429 1380 2453 morum

972 2468 1036 2501 Hic
1060 2477 1173 2502 nomen
1199 2468 1248 2501 illi
1273 2469 1377 2505 datur,
