1653 2567
348 232 417 260 Alia
435 233 613 269 Antiphone„

232 277 256 309 Ο
284 278 380 309 decus
406 280 436 308 et
461 275 619 317 gaudium,

233 325 257 357 O
283 324 440 363 virginale
461 325 574 362 lilium,

231 372 280 403 Tu
303 371 397 403 iubar
422 372 584 412 ecclesiae,

279 419 410 451 Gemma
435 418 598 460 claritatiS,

914 250 1005 282 Vitae
1029 249 1127 288 signis
1152 247 1283 281 radians

912 298 949 330 In
975 299 1007 327 te
1036 296 1108 335 piae
1135 295 1313 328 dilectionis

960 344 1128 383 Requievit
1154 342 1296 383 spiritus,

912 391 1034 430 Dulcis,
1062 391 1116 430 pia
1139 394 1252 429 mater,

916 440 1012 472 Clara
1033 438 1162 478 nobilis,

235 465 400 497 Floridum
428 464 491 496 fers
518 464 693 503 virginibus
960 488 1061 525 Iunge
1086 494 1143 517 nos
1166 484 1279 518 beatis·

233 512 401 552 Speculum
426 511 638 552 prudentibus

278 559 433 599 Specialis
457 558 648 597 sanctitatis,

236 622 358 658 Antiph.
387 631 441 649 ms.
471 622 700 649 Franciscanum
729 628 805 648 saec.
839 618 882 647 15.
932 621 1005 648 Clm.
1034 620 1187 647 Monacen.
1219 616 1326 647 23291.
1360 635 1397 639 —
1429 619 1469 646 In

161 658 188 688 3.
208 661 233 688 N
247 664 313 688 oet.
341 659 359 684 R
378 658 412 692 2,
433 658 451 687 6
476 662 586 687 terram
610 659 693 686 <lucit
715 667 775 687 eos.
801 673 839 677 -
867 657 885 683 R
904 656 932 692 3,
953 656 972 686 3
997 657 1097 685 fehlen
1121 659 1195 686 zwei
1218 656 1332 685 Silben.
1356 674 1394 678 -
1422 657 1468 685 Ad

160 698 267 726 Bened.
289 697 320 733 Α,
344 695 378 724 10
399 697 481 730 Quae
500 697 581 725 fehlt.

607 806 652 837 75.
684 807 726 837 De
743 806 849 837 saneto
871 806 1007 837 Claudio.

301 890 347 921 111
374 889 405 922 1.
431 889 642 929 VesperiS.
844 889 883 920 V.
915 889 992 921 Cum
1018 888 1122 920 olivae
1145 897 1234 921 ramo
1259 889 1346 921 redit,

961 936 1014 968 Ad
1040 945 1146 967 arcam
1170 937 1204 968 in
1229 945 1374 977 vespere,

914 983 987 1015 Non
1014 984 1145 1026 invenit,
1171 983 1258 1015 unde
1283 985 1380 1025 venit,

177 1032 206 1064 1.
234 1030 355 1070 Gaude,
382 1030 467 1068 Sion,
494 1033 606 1062 ornata
622 1033 784 1071 tympano,
962 1032 1028 1071 Quo
1053 1031 1156 1070 possit
1180 1030 1353 1071 quiescere.

232 1078 338 1109 Decor
354 1080 425 1108 tuus
440 1079 623 1109 coniunctus
637 1078 783 1118 galbano,
1192 1107 1198 1112 .

234 1125 346 1157 Lauda
362 1125 452 1155 illum
470 1124 597 1156 chordis
612 1128 643 1155 et
656 1132 784 1166 organo,
1010 1162 1016 1168 ι
1033 1105 1079 1131 Ad
1098 1103 1279 1142 Mag-nificat.

237 1173 360 1213 Sponsa
385 1172 471 1202 cuius
488 1172 576 1203 venit
594 1172 633 1203 de
649 1172 781 1204 Libano.
842 1162 883 1194 A·
908 1161 1095 1202 Hagmfissat

534 1238 541 1243 .
621 1237 626 1243 .
961 1209 1068 1241 anima
1091 1210 1272 1247 Dominum,

179 1239 211 1270 2.
240 1237 360 1276 Gaude,
387 1237 479 1268 sedes
505 1238 682 1290 Blsuntina‚
916 1256 1015 1295 Quam
1036 1257 1140 1297 sigillo

236 1285 311 1317 Iure
336 1282 539 1337 frffquentfms
564 1285 688 1327 gau‘ha'
961 1303 1099 1343 signavit
1123 1305 1275 1336 luminum

236 1332 276 1364 111
301 1335 334 1363 te
358 1331 418 1361 init
444 1340 611 1370 episcopus
1279 1329 1287 1347 ²

241 1378 401 1418 Claudius,
427 1379 477 1409 vir
500 1378 725 1412 sanctissimus.
911 1350 1236 1440 Ωῠῖἓοξὲοὲῗὲξὶο

374 963 568 999 Antiphonae.

178 1445 208 1476 3.
236 1443 298 1475 Hic
323 1445 370 1473 est
394 1443 450 1474 ille
474 1444 604 1483 praesul
628 1452 733 1486 verus,
915 1445 983 1478 Sibi
1008 1444 1086 1477 fecit

240 1490 335 1523 Cums
362 1491 457 1522 corde
479 1491 571 1535 plebs
598 1494 629 1522 et
654 1492 756 1523 clerus
963 1493 1065 1524 crucis
1090 1494 1240 1535 ludibrio,

237 1537 342 1569 Debet
367 1536 480 1569 festum
507 1538 670 1570 celebrare
914 1540 1015 1579 Quam
1037 1541 1198 1573 viventem

236 1584 282 1616 Et
304 1585 450 1616 iuvamen
474 1585 655 1627 implorare.
963 1588 1091 1621 ornavit
1115 1589 1226 1629 gloria,

181 1652 212 1683 4.
240 1651 386 1683 Gloriosa
410 1653 538 1690 praesul
563 1651 692 1692 Christi,
916 1634 1002 1689 Qua?
1018 1639 1100 1689 ,Ροῗῗ
1117 1639 1251 1690 1⁰0²*th

282 1699 306 1730 Ο
334 1697 447 1730 Claudi
471 1698 678 1738 sanctissime,
963 1686 1044 1715 Vfflt
1066 1693 1099 1714 m
1124 1688 1241 1725 patna·

236 1746 307 1777 Duc
330 1754 387 1777 nos
412 1749 526 1787 tecum,
553 1754 612 1786 quo
636 1746 725 1778 ivisti
1214 1779 1221 1785 ,

286 1793 363 1824 Post
387 1793 557 1832 Christum,
584 1793 726 1832 piissime
980 1776 1041 1808 Ad
1064 1778 1335 1811 matumnum·

239 1840 446 1881 Intercessor,
477 1849 517 1871 ne
540 1840 693 1881 labamur,
1049 1842 1266 1872 Inviizatorium.

239 1887 268 1917 A
294 1890 327 1918 ’ίθ
351 1895 476 1928 semper
497 1890 709 1929 Pl'OtegamUP·
916 1900 1097 1931 Adoremus
1121 1910 1227 1941 regem
1253 1911 1363 1943 regum

181 1953 211 1984 5.
241 1953 264 1985 0
289 1953 410 1992 claudi,
436 1954 566 1994 praesul
592 1953 719 1992 christi,
964 1947 1177 1986 implorantes
1202 1950 1348 1990 gratiam,

237 2000 306 2031 Tua
331 2009 427 2039 prece
451 1999 503 2032 fac
527 2010 584 2033 nos
609 2001 679 2032 sisti
917 1994 976 2033 Qui
1000 1997 1181 2027 ‘transvexit
1204 2005 1303 2036 Sflpra
1322 1999 1474 2031 mundum

241 2046 360 2079 Summi
384 2048 468 2088 regis
494 2052 568 2080 ante
590 2048 749 2090 thronum,
968 2041 1133 2074 Claudium
1158 2045 1191 2075 in
1216 2045 1360 2084 gloriam.

238 2094 289 2126 Ex
314 2104 374 2135 quo
398 2096 508 2134 prodit
531 2104 623 2128 omne
646 2096 772 2129 bonum.

165 2158 203 2190 R.
234 2160 358 2192 Vallem
381 2162 492 2193 mundi
517 2165 582 2194 tam
607 2162 760 2202 profundi
975 2138 1022 2169 In
1049 2138 1078 2170 1⁶
1106 2137 1340 2175 Nocturno·

286 2208 410 2239 Munda
431 2210 549 2241 transit
572 2209 678 2241 orbita
1069 2203 1266 2240 Antiphonae.

241 2255 301 2286 Pes
327 2255 461 2298 Claudii,
489 2266 530 2289 ne
555 2256 706 2289 confundi
860 2259 891 2291 1.
917 2259 1036 2292 Beatus
1061 2262 1111 2293 vir
1135 2263 1242 2303 impiis

289 2302 391 2334 Possit
412 2304 511 2336 virtus
535 2305 656 2348 inclita,
966 2315 1001 2339 se
1025 2317 1089 2340 non
1115 2310 1258 2349 sociavit,

240 2348 294 2380 Nil
318 2350 472 2383 immundi
497 2352 603 2384 cordis
628 2354 738 2385 mundi
918 2355 1027 2395 Quem,
1053 2357 1127 2396 quia
1153 2367 1223 2390 cum
1247 2362 1407 2394 stantibus

284 2396 455 2436 Reperitur
480 2399 602 2433 semita.
964 2407 1052 2435 stare
1075 2406 1245 2448 recusavit,
