1653 2567
688 117 944 154 —184—

237 214 364 248 Virtute
387 214 472 245 sacri
496 212 632 245 flaminis

285 262 346 294 Cor
369 261 453 301 regis
478 261 651 301 mitigatur.

168 310 204 342 V.
235 309 343 342 Nolite.
375 311 507 349 z‘anyere
534 307 676 342 Christos
703 319 789 342 meos

238 360 266 389 et
305 357 343 389 in
376 356 539 397 prophetis
574 357 654 389 meis
689 357 791 389 nolite

234 404 423 446 maliynari.

297 499 345 531 In
370 499 401 531 3.
428 497 656 530 Nocturno.

378 571 574 608 Antiphonae.

179 622 210 654 1.
237 620 340 653 Saeva
365 620 450 651 cedit
474 620 643 660 discordia,

280 668 350 700 Rex
375 669 518 699 sanctum
544 669 721 711 veneratur⁷

236 716 304 747 Pax
328 714 413 746 redit
439 718 471 746 et
495 715 665 747 concordia

281 763 334 795 Sic
355 769 486 801 regnum
511 762 678 794 solidatur.

180 821 210 852 2.
237 819 392 851 Helenam
417 821 559 850 sanctam
583 818 721 859 viduam,

283 867 380 906 Quam
404 866 532 905 praesul
556 866 725 907 invocavit,

233 914 409 945 Historiam
440 922 499 952 per
524 922 693 953 congruam

282 960 441 993 Decenter
465 960 644 994 honoravit.

185 1020 216 1051 3.
240 1017 392 1049 Divinum
416 1025 475 1056 per
498 1016 679 1057 suffragium

282 1064 415 1097 Caecum
439 1064 631 1097 illuminavit

235 1113 447 1150 Petentesque
476 1112 646 1143 divortium

282 1158 446 1199 Sagaciter
469 1159 606 1198 pacavit.

371 1232 578 1268 Responsoria.

177 1282 208 1314 1.
236 1281 332 1313 Tanti
356 1281 457 1320 patris
482 1281 698 1320 praesulatum

284 1327 404 1365 Lauda,
431 1326 510 1359 felix
535 1328 657 1369 Suecia,

234 1375 364 1407 Sacrum
390 1383 517 1415 germen
543 1385 562 1408 a
586 1379 618 1407 te
641 1378 749 1407 natum

280 1423 439 1456 comitare
458 1423 569 1462 gratia,

232 1470 309 1509 Fac,
341 1473 377 1501 ut
399 1469 489 1501 illum
514 1470 702 1503 advocatum

277 1517 405 1549 Habeas
429 1518 462 1548 in
484 1518 599 1558 patria,

231 1564 281 1596 Ne
305 1567 378 1604 post
403 1563 494 1596 huius
520 1565 604 1597 vitae
628 1567 744 1596 statum

281 1611 370 1644 Caeli
396 1611 501 1643 desint
523 1613 647 1652 gaudia.

160 1658 199 1692 V.
233 1659 385 1700 Domffle,
405 1658 505 1691 dilexi
518 1660 659 1692 decorem
673 1660 785 1692 domus

231 1709 305 1738 tuae
354 1708 383 1739 et·
431 1705 536 1738 locum
573 1707 785 1740 habitationis

230 1753 358 1793 ylorz'ae
380 1755 464 1786 tuae.

176 1812 206 1843 2.
234 1810 258 1842 O
286 1810 348 1842 Dei
371 1809 542 1848 miseratio,

234 1857 293 1888 Vir
317 1859 445 1889 sanctus
469 1866 599 1897 precum
624 1859 728 1892 studio

280 1903 457 1936 Defunctos
481 1905 655 1946 suscitavit,

232 1951 299 1983 Hos
326 1950 509 1984 confitentes
534 1953 656 1985 scelera

233 1998 443 2039 Compunctos
468 2000 564 2032 solvit
589 2001 729 2041 dextera,

280 2047 363 2086 Quos
391 2046 459 2078 Deo
486 2049 727 2081 commendavit.

159 2093 197 2125 V.
229 2093 291 2135 Qui
330 2094 434 2126 educit
466 2095 588 2128 vinctos
620 2096 658 2127 in
692 2097 784 2137 forti-

229 2141 360 2181 tudioze,
386 2141 537 2174 similiter
562 2152 621 2187 eos,
653 2145 709 2185 Qui
734 2154 784 2177 ex-

229 2191 393 2232 asperam,
421 2189 478 2229 qui
501 2190 650 2224 habitant
672 2190 711 2224 in
735 2202 784 2225 se-

222 2236 359 2276 pulcris.

168 2294 199 2326 3.
226 2292 333 2325 Fortis
359 2293 447 2334 gigas
472 2295 506 2326 in
532 2295 608 2338 acie,

225 2341 375 2373 Loricam
398 2340 464 2376 fers
489 2343 641 2384 iustitiae,

275 2389 459 2430 Brinolphe‚
485 2394 596 2431 pastor
619 2392 684 2433 pie,

919 215 1135 248 Corroborans
1161 213 1203 245 ad
1228 212 1383 254 proelium

917 263 991 295 Pias
1015 263 1137 294 mentes
1161 260 1316 300 fidelium,

917 310 1013 343 Elide
1042 308 1140 342 robur
1163 308 1301 340 hostium

964 359 1044 391 Post
1068 365 1194 388 cursum
1217 356 1309 387 huius
1336 355 1414 387 viae.

845 415 885 448 V.
914 415 1017 447 Posce
1041 413 1144 453 nobie,
1170 416 1280 444 sancte
1304 414 1407 452 pater,

966 462 1147 494 Gratiarum
1172 469 1313 500 munera,

917 509 986 541 Tua
1010 516 1107 549 prece
1130 508 1202 540 Iesu
1228 513 1330 540 mater

964 556 1031 588 Nos
1061 555 1157 587 ducat
1181 555 1223 587 ad
1247 555 1386 587 aethera.

1014 708 1061 739 In
1083 706 1316 740 Laudibus.

1060 800 1256 835 Antiphonae.

854 869 887 901 1.
911 868 1027 900 Servus
1051 868 1193 908 prudens
1219 870 1252 899 et
1274 866 1379 899 fidelis

962 916 1050 947 Mole
1076 915 1181 946 carnis
1205 915 1311 955 posita

917 962 1021 1002 Supra
1045 962 1146 994 multa
1167 961 1206 993 fit
1227 962 1262 993 in
1288 962 1385 993 caelis

966 1009 1165 1043 Constitutus
1190 1009 1312 1041 abdita.

859 1089 892 1119 2.
917 1086 985 1118 Nos
1010 1087 1053 1118 ad
1077 1083 1197 1116 fontem
1223 1085 1396 1125 gratiarum

966 1133 1037 1165 Suis
1064 1133 1156 1165 ducat
1182 1133 1314 1172 meritis,

916 1181 981 1213 Ubi
1006 1181 1091 1212 salus
1117 1180 1292 1211 animarum

965 1227 1119 1260 Gustatur
1143 1235 1182 1258 ex
1205 1227 1335 1259 intimis.

857 1305 888 1338 3.
916 1303 1067 1343 Vigilavit
1094 1302 1263 1342 diligenter

963 1351 1014 1382 Ad
1040 1350 1143 1382 Deum
1169 1349 1318 1389 diluculo,

915 1399 999 1436 Vita,
1026 1397 1124 1429 verbo
1151 1397 1313 1436 sapienter

961 1445 1079 1477 Lucem
1107 1444 1198 1476 dedit
1222 1445 1358 1477 saeculo.

856 1523 888 1556 4.
914 1520 1156 1562 Magnificemus
1180 1520 1349 1552 Dominum

961 1569 999 1600 In
1024 1577 1080 1600 suo
1107 1566 1298 1608 confessore,

913 1616 1015 1649 Nobis
1039 1615 1130 1647 illum
1154 1616 1330 1655 propitium

959 1664 1087 1696 Reddat
1112 1671 1171 1703 pro
1197 1672 1254 1694 suo
1280 1672 1378 1697 more.

856 1742 887 1774 5.
914 1740 978 1772 Sub
1004 1740 1089 1772 nube
1114 1739 1208 1771 stella
1231 1740 1350 1780 tegitur

959 1787 1005 1819 Et
1028 1786 1169 1818 tenebris
1194 1788 1328 1828 velatur,

913 1835 977 1867 Sed
1002 1834 1120 1875 populo
1145 1834 1201 1866 lux
1226 1835 1339 1877 oritur,

960 1882 1043 1914 Dum
1066 1884 1172 1912 mente
1197 1886 1375 1915 serenatur.

1033 1984 1080 2012 Ad
1098 1984 1284 2013 Benedictus.

842 2062 874 2094 A
912 2062 1073 2094 Matutine
1097 2062 1191 2094 stella
1215 2063 1306 2104 luxit,

914 2109 998 2142 Dum
1024 2112 1183 2142 errantem
1208 2111 1262 2142 hic
1285 2112 1440 2144 instruxit

914 2157 959 2189 Et
982 2166 1041 2197 per
1066 2157 1148 2189 viam
1175 2158 1260 2191 vitae
1286 2160 1378 2192 duxit

963 2204 1098 2237 Sanctus
1123 2207 1252 2245 praesul
1278 2208 1449 2249 populum3

913 2253 1028 2285 Pastor
1051 2252 1115 2293 pie,
1142 2262 1219 2294 roga
1241 2263 1359 2297 regem,

915 2300 1010 2333 Cuius
1036 2304 1071 2333 tu
1096 2301 1209 2333 zelasti
1233 2302 1347 2343 legem,

914 2347 961 2381 Ut
983 2357 1040 2380 nos
1066 2352 1188 2390 pascat,
1215 2359 1304 2382 suum
1332 2361 1459 2394 gregem

961 2396 1093 2429 Donans
1119 2397 1206 2430 vitae
1228 2400 1388 2439 poculum.

1464 2379 1471 2395 2
