1653 2567
274 191 319 224 In
356 193 386 225 1.
415 193 646 229 Nocturna

362 266 561 304 Antiphonae.

159 325 188 358 1.
216 324 379 357 Mirabilis
408 326 616 360 Ambrosium

260 372 348 405 Deus
374 372 568 416 mirificavit,

217 419 315 453 Cuius
340 420 434 452 dulce
460 422 619 461 eloquium

264 469 327 501 Per
352 476 429 508 apes
454 467 615 509 figuravit.

157 527 188 558 2.
218 525 297 558 Cum
323 526 426 558 sorori
454 525 620 560 dexteram
646 529 760 561 ludens

258 574 446 613 Porrigeret
469 576 511 607 ad
537 577 690 618 osculum,

216 619 449 661 Praefiguravit
475 623 665 656 adulescens

262 668 419 701 Futurum
446 678 482 701 se
507 671 703 712 episcopum.

158 728 191 759 3.
219 725 416 765 Conspicuus
441 727 619 768 discipulus

262 782 429 806 causarum
454 774 641 809 liberalibus

214 821 333 853 Factus
359 825 468 854 orator
492 824 626 864 insignis

263 871 312 901 est
337 878 443 902 coram
468 871 695 904 tribunalibus.

352 945 563 983 Responsoria.

153 1004 183 1036 1.
211 1003 323 1035 Nobili
348 1007 436 1036 ortus
462 1013 579 1045 genere

214 1051 264 1083 Ex
289 1052 527 1092 praefectorum
548 1054 702 1093 sanguine

262 1099 452 1131 Ambrosius
480 1102 677 1133 consulatum

215 1147 370 1184 Obtinuit‚
400 1149 436 1178 ut
460 1151 588 1187 regeret

215 1194 400 1226 Provincias
426 1197 458 1226 et
480 1195 644 1235 subigeret

262 1243 426 1275 Praetoris
452 1252 549 1284 agens
574 1246 703 1285 statum,

142 1290 180 1325 V.
210 1291 335 1323 Iudicio
361 1298 474 1323 causas

261 1347 369 1371 rerum
394 1342 547 1379 pensaret
572 1342 602 1371 et
629 1348 739 1380 aequo,

156 1396 187 1428 2.
217 1395 409 1435 Nuperrime
436 1395 587 1429 defuneto

215 1444 354 1476 Arriano
381 1444 532 1485 episcopo

262 1492 408 1524 Antistes
433 1492 612 1525 Mediolani

216 1540 246 1571 A
272 1543 386 1572 cuneta
411 1539 507 1580 plebe
533 1542 670 1580 creatur,

217 1587 283 1619 Sed
310 1586 452 1619 renitens
478 1587 639 1619 exaltatur

264 1634 455 1668 Rebellione
481 1634 592 1675 inani3

145 1683 183 1716 V.
215 1683 313 1724 Ecce,
339 1683 520 1722 neophytus

266 1730 397 1771 praesul
423 1729 615 1763 sublimatur
643 1730 772 1764 invitus

158 1790 191 1822 3,
217 1788 340 1820 Nactus
366 1788 558 1821 antistitium

215 1836 356 1869 Reseeat
380 1845 473 1869 omne
499 1836 610 1868 vitium

265 1885 303 1918 In
334 1886 453 1926 populo
482 1884 662 1925 dilatatum,

217 1933 408 1965 Ambrosius
432 1932 531 1965 verbo
557 1932 651 1974 rexit,

218 1981 279 2020 Qui
305 1983 337 2013 et
363 1981 509 2021 exemplo
536 1980 649 2013 allexit

266 2030 423 2072 Populum
448 2029 651 2070 sceleratum,

146 2078 183 2111 V.
215 2077 367 2111 Ostendit
389 2077 544 2109 infectam

263 2124 363 2159 fidem
375 2125 495 2159 Christi
508 2129 638 2165 praeter
648 2127 779 2156 rectam.

280 2215 326 2247 In
353 2216 384 2248 2.
410 2213 645 2246 Nocturno.

362 2289 563 2327 Antiphonae

160 2351 189 2384 1.
215 2349 299 2384 Dum
325 2350 368 2382 ad
394 2348 530 2382 Romam
554 2347 708 2380 remeavit

264 2397 456 2432 Ambrosius
481 2401 571 2429 trans
597 2395 750 2437 Tiberim,

910 196 1006 228 Veste
1030 204 1088 227 sua
1113 198 1189 227 tune
1216 195 1340 227 curavit

954 244 1094 285 Aegram
1125 251 1254 283 passam
1279 242 1464 283 paralysim.

849 302 880 334 2.
908 300 1007 332 Luxit
1032 299 1145 332 cohors
1169 300 1311 332 Arriana

955 347 1086 381 Puellae
1110 351 1243 379 mortem
1266 349 1358 386 peste

908 395 1030 434 Subita,
1056 404 1138 436 quae
1161 395 1246 426 hune
1270 403 1389 427 vesana

953 443 1055 475 Manu
1077 443 1178 476 traxit
1201 445 1348 474 sanctum
1365 445 1464 474 veste.

848 500 880 533 3.
908 498 1052 531 Christus
1078 499 1208 540 reginae
1233 499 1376 531 furorem

953 547 1095 580 Iustinae
1121 548 1323 587 compescuit,

906 593 989 626 Dum
1012 595 1141 634 praesul
1166 595 1345 627 invasorem

953 642 1006 674 Ad
1033 642 1242 674 exsulandum
1270 643 1402 675 censuit.

1043 737 1252 772 Responsoria.

848 806 878 837 1.
904 803 1103 836 illustrando
1132 804 1323 844 disputatur,

906 852 1064 884 Arrianus
1088 852 1306 892 impugnatur,

954 900 1091 933 Resistit
1120 899 1302 939 Ambrosio,

906 948 971 980 Sed
998 956 1068 979 eum
1094 948 1241 988 angelum
1267 948 1447 979 adstantem

906 995 1017 1028 Cernit
1042 995 1071 1026 ei
1095 1000 1322 1039 susurrantem,

951 1043 1094 1074 Evanuit
1117 1042 1270 1081 rebelli03

832 1090 871 1122 V.
901 1090 1034 1122 Beatam
1060 1088 1157 1122 fidem

951 1137 1072 1170 Christi
1097 1139 1171 1176 post
1197 1136 1295 1168 coluit
1318 1136 1414 1168 idem.

843 1196 874 1227 2.
901 1194 1045 1235 Reginae
1069 1194 1172 1225 malus
1198 1193 1339 1233 satelles,

904 1244 1006 1275 Actus
1033 1250 1184 1274 exercens
1206 1241 1353 1274 imbelles

951 1290 1050 1330 Ense,
1075 1298 1173 1322 manu
1197 1289 1354 1329 obriguitr

903 1338 1024 1371 Missus
1049 1338 1195 1378 daemon,
1222 1337 1280 1370 sed
1304 1338 1410 1378 inane,

906 1386 1052 1419 Praesuli
1076 1394 1137 1418 nec
1161 1385 1423 1426 appropinquare

952 1434 1072 1476 Audet,
1099 1443 1173 1466 nam
1195 1434 1302 1473 ignem
1327 1434 1443 1467 timuit,

833 1483 872 1515 V.
905 1481 970 1515 Ubi
992 1482 1082 1513 Iesus
1111 1484 1272 1520 pastorem

958 1527 1104 1561 defendit
1130 1534 1162 1560 et
1187 1529 1253 1559 eius
1279 1529 1442 1561 honorem.

849 1588 881 1621 3,
908 1585 1118 1617 Venerandus
1144 1588 1238 1625 pater
1263 1587 1392 1617 sanctus

908 1632 964 1666 Sic
989 1633 1170 1673 vigiliarum
1196 1632 1346 1672 planctus

956 1681 1102 1713 Instituit
1130 1680 1299 1713 observari

910 1730 948 1761 In
975 1729 1173 1768 ecclesiaque
1198 1729 1334 1769 hymnos

909 1776 985 1809 Pius
1011 1785 1068 1808 suo
1094 1776 1162 1809 Deo
1190 1777 1302 1816 dignos

958 1825 1127 1865 Praecepit
1155 1824 1339 1868 decantari3

837 1873 877 1907 V.
908 1872 1046 1904 Eruetat
1072 1872 1238 1913 hymnista

957 1920 1070 1952 laudes
1107 1920 1238 1953 Domini
1277 1928 1347 1951 eum
1382 1919 1470 1959 psal-

1239 1968 1345 1999 mista.

974 2094 1021 2126 In
1049 2096 1081 2128 3.
1107 2093 1338 2127 Nocturno.

1057 2178 1254 2214 Antiphonae.

857 2249 886 2282 1.
912 2249 1094 2287 Imperator
1119 2247 1320 2280 Theodosius

957 2296 1147 2328 Multotiens
1173 2295 1321 2338 excessit,

912 2344 960 2377 Ob
986 2345 1048 2376 hoc
1071 2352 1140 2378 eum
1163 2345 1352 2377 Ambrosius

960 2393 1012 2425 Ab
1039 2393 1175 2426 ecclesia
1199 2394 1362 2434 repressit.
