1653 2567
667 116 920 151 —100—

212 211 273 251 Qui
299 212 355 244 dat
379 212 569 251 Apolloniae

260 268 375 292 sanare
398 259 582 299 languorem

212 306 372 347 Dentium‚
398 306 474 339 fidei

262 353 300 387 fit
325 354 385 386 hoc
409 355 451 387 ad
478 354 633 389 decorem.

155 432 187 463 5.
212 431 363 463 Laudent
385 430 488 462 Deum
512 428 711 468 fluctuantes,

214 479 251 510 ln
279 478 429 518 procellis
453 475 679 517 naufragantes

263 525 315 557 Ex
339 525 471 556 terroris
497 524 640 563 pulsibus

216 572 263 604 Et
288 572 328 604 ad
353 572 429 603 litus
455 574 642 612 remeantes,

220 619 341 659 Corpus
366 619 458 651 huius
485 619 689 658 deportantes

268 666 392 699 Sanctis
417 667 482 698 suis
506 667 665 706 precibus.

331 759 375 786 Ad
395 760 578 788 Benedictus.

144 828 184 860 A.
217 827 409 859 Benedictus
431 827 561 859 lsraelis

262 874 348 906 Deus
371 875 532 914 adoretur,

218 921 340 961 Corpus
366 921 555 961 Apolloniae

264 969 317 1008 qui
340 968 470 1000 Thabor
493 971 600 1000 tuetur

894 212 1029 253 Illicque
1054 210 1172 243 cotidie

943 259 1129 299 Languidos
1153 258 1307 300 medetur,

898 307 965 340 Sibi
990 307 1059 337 laus
1085 308 1117 337 et
1140 305 1242 346 gloria

943 355 1011 386 sinc
1035 352 1098 385 fine
1120 352 1280 386 fundetur.

961 487 1006 519 In
1033 487 1064 518 2.
1094 485 1310 524 Vesperis.

1011 569 1056 597 Ad
1074 568 1257 607 Mag-nificat.

825 638 865 670 A.
895 635 1081 679 Magnificat
1105 637 1209 669 anima

943 693 1014 716 mea
1037 685 1100 716 iam
1125 684 1326 722 salvatorem,

900 732 954 765 Sic
980 732 1110 763 cuilibet
1136 731 1292 764 catholico

945 779 998 820 qui
1023 779 1121 812 robur
1146 781 1178 811 et
1201 779 1342 818 vigorem

897 827 1046 859 Porrexit
1069 826 1260 867 Apolloniae

944 883 1003 914 per
1026 873 1102 907 fidei
1127 873 1294 913 fervorem,

900 921 982 953 Dum
1007 921 1067 952 hac
1093 922 1144 953 die
1169 921 1317 960 martyrii

947 969 1064 1008 adepta
1088 969 1131 999 sit
1154 968 1301 1000 virorem.

222 1061 307 1088 Brev.
322 1069 375 1087 ms.
390 1060 517 1088 Carmeli
531 1060 721 1096 Bambergen.
737 1063 805 1088 mini
821 1059 903 1088 1467.
931 1061 1001 1089 0011.
1015 1061 1206 1097 Bambergen.
1221 1060 1267 1088 Ed
1278 1060 1338 1088 VH
1352 1057 1399 1087 25.
1414 1074 1450 1079 —

144 1099 186 1126 In
212 1096 237 1125 1.
270 1099 373 1133 Vesp.
402 1098 439 1125 ad
463 1099 561 1133 Magn.
590 1096 607 1126 3
640 1099 731 1126 Istius
756 1107 839 1126 suum
869 1099 1025 1126 dominum.
1050 1114 1087 1118 —
1111 1098 1185 1127 Ibid.
1212 1097 1231 1125 4
1256 1098 1353 1126 fehlen
1378 1100 1451 1126 zwei

145 1136 261 1170 Silben3
289 1137 375 1172 digne
402 1137 528 1172 ergiinz‘t.
557 1151 559 1154 ·

618 1137 658 1163 In
681 1134 704 1162 1.
725 1137 824 1164 Noct.
847 1134 867 1162 Β
891 1135 916 1172 1,
938 1135 952 1164 1
983 1135 1114 1164 Creatrix
1140 1139 1169 1164 et
1187 1136 1278 1163 desia.
1297 1151 1334 1156 —-
1355 1134 1375 1162 Β
1393 1134 1417 1171 1,
1433 1135 1450 1163 9

144 1173 261 1202 Nobilis
289 1175 356 1201 iam.
386 1189 420 1193 —
453 1172 473 1200 R
495 1171 526 1207 2,
553 1172 587 1200 12
608 1174 698 1209 Gayo.
719 1189 755 1193 —
775 1175 820 1201 In
840 1172 865 1200 2.
886 1175 985 1202 Noct.
1005 1173 1027 1199 A
1050 1173 1077 1205 11
1099 1173 1119 1202 4
1138 1183 1258 1211 gemme.
1279 1189 1317 1193 —
1338 1171 1358 1199 Β
1380 1172 1410 1207 2,
1433 1172 1450 1200 2

146 1211 187 1239 Et
206 1212 299 1239 virtus
321 1213 356 1238 et.
377 1226 415 1230 —
438 1209 458 1237 Β
482 1210 505 1245 1,
528 1210 544 1238 5
564 1212 761 1247 Apolloniam.
782 1227 816 1230 —
839 1209 859 1237 Β
883 1210 907 1245 1,
930 1211 946 1240 6
967 1220 1146 1247 suspensam.
1167 1226 1204 1230 -—-
1226 1210 1246 1238 Β
1270 1211 1293 1245 1,
1315 1210 1332 1239 ’7
1351 1212 1452 1239 Cerni-

146 1252 251 1284 tusque
279 1249 422 1276 illaesam.
449 1264 485 1269 —
513 1247 533 1274 Β
555 1247 587 1283 2,
609 1247 626 1277 3
651 1249 806 1285 Hospitari
831 1249 882 1277 dat,
903 1252 939 1277 et.
968 1265 998 1269 —
1025 1248 1045 1275 R
1067 1248 1098 1284 2,
1121 1252 1137 1278 6
1159 1252 1246 1284 atque
1269 1250 1395 1287 erganzt.
1416 1266 1449 1270 ψ

148 1284 168 1312 Β
190 1285 215 1319 2,
240 1285 274 1314 11
301 1288 437 1314 sociat-ur.
466 1300 500 1305 —-
528 1287 571 1314 In
591 1285 617 1315 3.
639 1287 740 1315 Noct.
763 1286 785 1313 A
808 1286 832 1321 1,
855 1286 869 1315 1
899 1290 995 1316 cuncti
1020 1289 1146 1324 erganzt.
1174 1303 1210 1307 —
1238 1286 1260 1313 A
1280 1286 1306 1323 2,
1321 1286 1340 1315 4
1369 1295 1452 1323 prae-

148 1325 294 1351 miantem.
314 1338 350 1343 -
369 1322 389 1350 Β
410 1322 436 1357 ⁸³3,
452 1323 470 1351 2
489 1326 631 1352 vernavit.
652 1338 690 1343 ——
712 1323 732 1351 Β
754 1323 780 1358 3,
803 1324 820 1353 6
838 1326 950 1353 Thabo.
971 1340 1008 1345 —-
1027 1326 1069 1353 In
1087 1326 1197 1354 Laud.
1219 1324 1240 1352 A
1263 1324 1288 1360 2,
1310 1324 1327 1354 3
1353 1328 1452 1354 tantae

146 1370 278 1397 sponsae.
295 1377 329 1381 —
346 1360 367 1388 A
391 1360 414 1396 5,
432 1360 449 1390 3
462 1363 665 1390 Exterioribus
677 1363 819 1397 pulsibus.

885 1362 907 1389 A
923 1362 949 1399 5,
965 1362 981 1392 6
995 1365 1104 1391 ωἰ3.-
1124 1363 1172 1391 Ad
1185 1364 1291 1392 Bened.
1306 1363 1326 1391 4
1337 1363 1450 1392 Thabo-

577 1510 624 1542 35.
655 1510 698 1541 De
717 1512 828 1542 sancta
847 1511 1020 1551 Apollonia.

290 1601 336 1633 In
366 1600 394 1633 1.
422 1600 639 1638 Vesperis.

331 1692 377 1719 Ad
400 1692 578 1729 Magnificat.

148 1771 188 1803 A.
219 1770 371 1802 Exsultat
395 1770 538 1810 ecclesia,

220 1816 361 1849 Plaudat
386 1817 531 1849 caelestis
557 1818 653 1860 curia,

221 1865 312 1903 Quod
336 1864 445 1896 hortus
472 1864 667 1906 deliciarum,

222 1912 378 1944 Liliorum
404 1915 436 1943 et
460 1921 603 1944 rosarum

270 1959 407 1992 Ornatus
434 1963 482 1991 est
508 1959 667 2001 decenter,

219 2007 265 2039 Et
297 2015 431 2047 sponsus
458 2015 606 2047 sponsam
629 2007 770 2052 floribus,

220 2054 362 2086 Balsami
386 2055 537 2087 odoribus

269 2100 457 2142 Perfragrat,
481 2107 674 2142 reverenter‚

221 2150 303 2182 Dum
331 2150 486 2181 castitatis
508 2150 586 2191 lilio,

223 2197 382 2229 Passionis
407 2198 561 2238 martyrio

267 2244 440 2285 Apollonia
464 2247 606 2286 ornatur,

223 2292 317 2326 Cuius
343 2301 401 2332 per
426 2292 606 2334 suffragium

960 1601 1019 1634 Ad
1045 1602 1233 1634 Matutin
1246 1613 1313 1638 um.

1032 1676 1246 1706 Invitatorium.

899 1734 1036 1776 Regem,
1066 1735 1232 1776 viminum
1257 1736 1454 1776 Dominum,

903 1782 1012 1815 Venite
1037 1783 1217 1815 adoremus.

964 1916 1010 1947 In
1037 1916 1068 1947 1.
1097 1916 1323 1949 Nocturno.

1054 1990 1250 2026 Antiphonae.

845 2047 874 2078 1.
902 2046 1102 2079 Admirabile
1127 2057 1241 2080 nomen
1265 2049 1407 2090 Domini,

903 2095 992 2134 Quod
1015 2098 1160 2128 sacratae
1184 2096 1299 2136 virgini

902 2142 1094 2182 Apolloniae
1120 2152 1189 2176 cum
1215 2145 1337 2185 angelis

902 2189 1058 2222 Coronam
1082 2192 1217 2231 praebet
1240 2192 1273 2223 in
1300 2193 1408 2226 caeliS.

844 2248 874 2279 2.
901 2247 939 2279 1n
964 2246 1032 2279 sole
1056 2247 1297 2281 tabernaculum

950 2295 1046 2327 Suum
1073 2295 1256 2328 aedificavit

1128 2344 1201 2376 dum
1216 2353 1271 2376 cor
1285 2345 1458 2380 thalamum

1144 2393 1318 2432 aeparavit.
