1653 2567
717 98 764 105 ·—
814 79 883 117 153
932 102 981 107 —

317 171 382 203 Ad
406 172 678 208 Matutinum.

398 238 617 269 Invitatorium.

259 295 359 335 Iesus,
386 297 529 330 salvator
558 298 695 341 divinus,

305 343 486 376 Veneretur
513 347 673 390 decenter,

258 390 357 429 Quem
383 391 494 424 beatus
518 394 760 429 Bernhardinus

306 438 513 473 Praedicavit
538 440 710 475 ferventer.

315 534 362 566 In
391 536 420 568 1.
448 536 558 569 Noct
572 546 687 572 urn0.

408 601 605 639 Antiphonae.

227 686 234 693 .
261 658 368 692 Datur
391 660 423 692 in
451 661 554 693 lucem
581 663 722 702 gentium

304 707 548 742 Bernhardinus
573 719 593 741 a
615 710 693 751 Deo,

256 754 508 797 Illustratorque
532 758 686 789 mentium

304 802 476 843 Requievit
500 805 533 837 in
560 813 607 837 eo.

221 886 229 893 .
255 858 406 893 Adflatus
432 865 543 894 sancto
569 862 686 902 spiritu

303 909 451 941 Vivendo
478 908 612 942 formam
641 911 740 953 dedit,

253 957 456 989 Praecavens
482 958 522 990 ab
547 957 681 990 interitu

305 1004 438 1045 Culpae,
457 1014 537 1045 quae
555 1009 693 1038 mentem
705 1008 816 1042 laedit.

222 1088 230 1095 .
255 1061 417 1093 Virtutum
443 1063 666 1104 multiplicitas

303 1110 454 1142 Probitas
481 1114 576 1151 atque
602 1120 723 1144 morum

254 1158 465 1191 Commendat
488 1159 582 1198 hunc,
610 1167 648 1190 ac
672 1161 792 1192 veritas

302 1204 453 1237 Sanctum
480 1205 581 1238 refert
605 1206 778 1247 signorum.

396 1292 606 1328 Responsoria.

222 1374 229 1382 .
256 1349 399 1381 Devotus
427 1350 546 1383 Christi
573 1349 746 1395 confessor,

300 1397 542 1430 Bernhardinus
568 1397 727 1443 Senensis,

255 1444 351 1477 Fidei
376 1454 488 1477 sacrae
513 1444 678 1486 professor

302 1492 444 1533 Eiusque
468 1492 578 1525 firmus
606 1494 700 1536 ensis,

250 1541 348 1579 Apud
373 1540 476 1572 Deum
501 1542 695 1573 intercessor

299 1587 349 1620 Sit
374 1598 433 1628 pro
458 1588 577 1621 nostris
603 1588 738 1634 offensis,

209 1664 216 1671 .
250 1636 426 1669 Doctrinae
451 1637 544 1669 Pauli
569 1645 736 1670 successor

249 1683 424 1725 Menteque
448 1685 522 1717 Iesu
547 1683 713 1725 professor

298 1731 392 1763 Nunc
416 1733 566 1773 precibus
590 1732 754 1773 impensis,

213 1816 220 1823 .
249 1790 384 1823 Sanctus
410 1790 463 1822 hic
487 1800 507 1822 a
531 1790 691 1831 principio

292 1837 398 1870 Datur
424 1838 622 1882 literaturae,

247 1886 307 1926 Qui
331 1886 398 1927 iugi
423 1896 541 1919 vacans
566 1887 673 1919 studio

294 1934 429 1967 Sensum
457 1936 544 1976 capit
568 1935 759 1977 scripturae,

245 1984 299 2017 Sic
322 1984 402 2015 lucis
428 1984 521 2016 huius
547 1984 638 2016 radio

294 2031 335 2064 Se
362 2030 487 2064 confert
511 2033 596 2064 vitae
622 2041 732 2073 purae,

206 2106 214 2114 .
245 2080 402 2113 Mundum
427 2080 512 2112 hunc
536 2080 658 2113 habens
684 2080 792 2113 taedio

244 2128 390 2162 Minores
416 2129 521 2169 replet
546 2128 663 2170 gaudio

292 2176 334 2208 Se
358 2185 435 2208 suae
460 2177 601 2209 subdens
628 2185 733 2211 curae.

210 2263 217 2270 .
247 2235 351 2267 Huius
377 2234 479 2267 sacris
502 2233 674 2267 influxibus

288 2283 385 2316 Plebs
414 2284 529 2316 devota
556 2286 693 2322 creatur,

241 2331 464 2372 virtuosisque
488 2331 630 2365 moribus

287 2379 366 2414 Eius
391 2388 480 2412 mens
504 2380 697 2424 illustratur,

948 179 993 211 Et
1016 177 1176 219 languidis
1202 178 1389 218 corporibus

998 226 1129 259 Medela
1153 235 1227 257 mox
1252 229 1453 269 praestatum

880 273 918 306 V.
945 273 1072 306 Cunctis
1098 273 1139 305 ad
1165 276 1308 305 sanctum
1333 274 1484 314 precibus

892 589 922 622 1.

888 990 919 1022 3.

872 1541 907 1575 V.

883 1697 914 1728 2.

950 322 1075 354 Devote
1100 320 1179 352 fusis
1204 322 1351 355 tristibus

999 369 1145 402 Solamen
1171 370 1280 401 statim
1305 370 1410 402 datur.

1020 465 1066 498 In
1092 466 1125 498 2.
1150 464 1384 499 NocturnO.

1096 530 1295 567 Antiphonae.

952 588 1014 621 Cor
1038 589 1189 621 mundum
1215 593 1343 622 sanctus
1370 589 1481 623 habuit

995 637 1047 669 Ab
1073 639 1179 669 aetate
1203 638 1367 677 primaeva

948 684 1017 716 Nec
1042 684 1200 724 obliquari
1223 685 1334 717 debuit

997 732 1073 764 Cum
1100 732 1190 764 huius
1216 734 1328 766 mundi
1352 734 1456 766 laeva.

948 789 1012 821 Hic
1037 789 1140 822 carnis
1166 790 1373 829 supercilium

995 836 1074 878 Legi
1100 837 1214 869 mentis
1239 838 1385 880 subiecit,

948 884 989 916 Se
1012 884 1118 924 ipsum
1145 884 1338 917 domicilium

996 932 1134 972 Spiritus
1159 934 1262 964 sancti
1287 932 1376 967 fecit.

946 989 1074 1021 Zelator
1099 989 1185 1021 vitae
1208 991 1359 1030 pauperis

995 1037 1115 1070 Christi
1140 1038 1212 1069 Iesu
1238 1041 1383 1070 sacratae

945 1084 1143 1124 Contemptis
1168 1086 1279 1117 mundi
1304 1085 1468 1125 prosperis

992 1131 1152 1164 Adhaesit
1176 1132 1238 1164 sibi
1263 1136 1363 1173 grate.

1081 1208 1290 1243 Responsoria.

945 1255 1030 1287 Dum
1054 1257 1233 1288 minoratur
1258 1256 1380 1298 habitu,

989 1304 1172 1336 Minoratur
1195 1304 1347 1337 humilius

1037 1352 1279 1384 Bernhardinus
1306 1355 1338 1384 et
1362 1355 1477 1395 mente,

943 1400 1030 1439 Quae
1056 1399 1257 1432 continentur
1283 1400 1404 1432 ambitu

991 1447 1081 1480 Sacri
1107 1450 1218 1491 status,
1246 1451 1282 1479 ut
1307 1448 1392 1480 filius

1039 1496 1118 1527 Eius
1145 1496 1306 1535 complens
1333 1498 1464 1536 attente,

938 1542 1116 1575 Verborum
1142 1543 1212 1575 sine
1236 1544 1374 1583 strepitu

989 1591 1152 1623 Promissa
1175 1591 1248 1630 plus
1275 1601 1368 1631 quam
1388 1591 1469 1623 alius

1039 1638 1195 1682 Servavit,
1221 1639 1280 1671 sed
1305 1649 1368 1672 non
1391 1639 1489 1672 lente.

942 1695 1096 1728 Senarum
1121 1696 1210 1728 urbis
1236 1697 1342 1729 renuit

987 1744 1175 1785 Urbinique,
1202 1743 1373 1777 Ferrariae

1040 1792 1171 1825 Culmcn
1197 1792 1412 1836 pontificatus,

938 1840 994 1873 Sic
1018 1841 1086 1872 eius
1110 1843 1220 1872 votum
1244 1843 1348 1873 tenuit

991 1888 1115 1921 Statum
1141 1889 1263 1921 habens
1289 1890 1472 1934 memoriae,

1036 1938 1090 1969 Ad
1118 1937 1203 1977 quod
1229 1936 1290 1969 fuit
1315 1940 1466 1982 vocatus3

936 1986 1008 2018 Hoc
1032 1984 1118 2017 facto
1146 1985 1241 2025 digne
1265 1987 1392 2025 meruit,

985 2033 1074 2072 Quod
1102 2042 1184 2065 nunc
1209 2033 1241 2065 in
1262 2043 1359 2075 regno
1377 2034 1498 2074 gloriae

1034 2080 1113 2114 Cum
1139 2082 1259 2113 sanctis
1284 2082 1325 2113 sit
1350 2083 1486 2116 locatus.

903 2163 910 2170 .
937 2138 1034 2170 Soror
1059 2139 1199 2179 migrans
1224 2148 1244 2170 a
1268 2147 1402 2179 corpore

982 2187 1098 2218 Matris
1112 2186 1216 2228 haim,
1238 2187 1312 2218 dum
1329 2187 1496 2228 praedicat

1032 2234 1199 2266 Humanae
1224 2236 1399 2279 geniturae,

935 2282 1036 2316 Simul
1063 2282 1173 2315 eodem
1200 2286 1344 2323 tempore

980 2331 1155 2371 Adparens
1180 2335 1309 2364 sanctus
1335 2333 1480 2374 applicat

1027 2378 1181 2411 Eiusdem
1207 2381 1401 2421 sepulturae.
