1653 2567
679 96 916 131 „effi-

265 192 312 225 In
340 194 372 225 2.
400 192 631 228 Nocturni).

344 268 367 295 A
372 268 542 305 ntiphonae.

151 328 180 360 1.
208 326 304 359 Felix
330 328 424 359 Anna
448 330 578 368 gustans
604 336 720 360 manna

256 374 393 407 Divinae
425 374 605 407 dulcedinis

206 422 406 455 Illustratam
431 423 516 462 parit
542 425 649 454 natam

255 470 403 503 Summae
425 469 687 511 pulchritudinis.

148 530 179 563 2.
200 528 301 568 Quam
314 527 356 560 sit
375 536 459 568 cara,
478 536 575 571 quam
592 528 762 567 praeclara

256 575 353 608 Casta
377 576 550 617 generatio,

206 624 275 656 Nos
300 622 462 663 informat,
492 623 644 656 mundum
670 626 762 655 ornat

255 673 368 704 Annae
392 671 573 711 parturitio.

149 730 180 763 3.
207 731 304 761 Anna
328 729 470 769 prudens
497 732 528 760 et
553 728 686 760 maritus

256 778 293 809 In
320 777 404 809 omni
429 776 553 808 iustitia

207 825 304 865 Legis
330 832 406 856 suae
431 826 561 856 servant
585 824 665 855 ritus

252 871 413 904 Lucentes
438 871 471 904 in
497 872 611 912 gratia.

338 947 546 982 Responsoria.

149 1007 178 1040 1.
206 1006 278 1038 Hoc
301 1006 470 1038 honestum
493 1009 588 1046 atque
613 1009 743 1042 rectum,

202 1053 275 1087 Hoc
299 1053 447 1086 devotum
474 1062 512 1085 ac
535 1052 711 1093 perfectum

249 1101 311 1134 Est
333 1101 368 1133 in
392 1101 612 1143 matrimoniis,

203 1149 334 1182 Castum
358 1149 444 1188 quod
464 1152 594 1181 servent
609 1157 759 1187 amorem,

202 1196 293 1236 Quod
319 1205 355 1227 se
377 1196 511 1236 iungant
534 1196 568 1227 in
592 1195 744 1229 honorem

250 1243 377 1277 Divinis
400 1243 550 1276 servitiis.

133 1293 170 1324 V.
202 1292 317 1326 Castus
343 1300 432 1324 amor
457 1292 584 1332 quaerit
607 1292 742 1332 prolem,

251 1339 322 1372 Non
348 1339 455 1371 carnis
479 1339 653 1372 lasciviam.

141 1399 174 1430 2.
202 1396 367 1429 Nubentes
391 1405 426 1428 se
448 1396 534 1429 iuste
557 1399 678 1437 tenent,

202 1445 236 1478 Si
268 1445 307 1476 de
331 1445 443 1477 mundi
467 1454 502 1476 se
527 1443 711 1477 refraenent

250 1493 351 1527 Caute
378 1492 557 1533 desideriis,

202 1540 254 1573 Ne
279 1540 420 1580 superba
443 1549 533 1573 mens
558 1543 749 1581 prorumpat

207 1589 266 1621 Vel
293 1588 410 1620 acerba
434 1596 547 1628 pacem
571 1592 701 1629 rumpat

251 1637 289 1669 111
314 1637 379 1668 suis
404 1636 547 1670 malitiis.

130 1686 167 1719 V.
200 1682 341 1723 Beatus,
377 1684 435 1725 qui
457 1683 575 1716 tenebit
598 1685 626 1716 et
651 1682 761 1716 allidet

193 1733 354 1774 parvulos
378 1742 455 1765 suos
480 1732 526 1765 ad
542 1735 684 1773 petram.

142 1792 172 1824 3.
198 1791 298 1830 Apud
329 1790 409 1822 caeli
436 1791 520 1822 cives
547 1793 638 1822 erunt

201 1839 302 1882 Grati,
331 1839 358 1870 si
384 1847 447 1871 non
472 1838 534 1871 sibi
558 1840 723 1879 quaerunt,

249 1887 313 1920 Sed
341 1886 456 1919 factori
480 1887 625 1928 gloriam,

203 1936 244 1969 Ut
267 1944 326 1977 per
351 1943 458 1967 omnes
482 1935 666 1974 honoretur,

201 1983 261 2024 Qui
286 1983 347 2016 hoe
370 1991 499 2023 semper
523 1985 725 2022 promeretur

248 2031 312 2064 Per
336 2040 423 2063 suam
452 2031 663 2065 clementiam.

129 2081 166 2114 V.
197 2079 387 2113 Beneczq'oite
409 2079 519 2112 Deum
549 2078 631 2112 caeli
656 2081 685 2112 et
712 2088 760 2110 oo-

198 2138 274 2161 ram
299 2127 449 2161 omnibus
475 2127 675 2168 confitemini
698 2126 759 2159 illi.

259 2226 305 2258 In
334 2226 365 2258 3.
395 2224 628 2258 Nocturno.

353 2291 552 2327 Antiphonae.

141 2352 174 2385 1.
202 2353 288 2383 Ante
312 2350 417 2383 Deum
442 2351 539 2382 Anna
563 2351 654 2389 patet

251 2398 474 2432 collaudando
498 2397 628 2437 iugiter,

191 2458 313 2484 Blume,
328 2456 452 2480 Historiae
465 2456 626 2484 rhythmicae.
656 2454 686 2478 V.

895 194 1007 227 Hostis
1031 194 1132 235 timet,
1155 194 1254 226 miser
1275 195 1356 227 latet

942 242 1019 282 Ipsa
1045 244 1150 274 stante
1174 241 1311 274 fortiter.

834 303 864 334 2.
892 299 992 334 Offert
1015 298 1093 332 foris
1120 301 1152 331 et
1175 300 1207 332 in
1234 301 1352 339 templo

943 348 1075 381 Precum
1101 346 1268 390 sacrificia,

892 395 1000 428 Verbo
1026 395 1127 428 trahit
1152 398 1184 427 et
1208 396 1353 435 exemplo

941 443 994 476 Ad
1018 443 1081 475 Dei
1106 444 1247 478 servitia.

834 503 864 534 3.
893 499 952 533 Dei
979 501 1067 533 ducit
1091 500 1131 532 ad
1158 500 1294 533 honores

942 548 1099 580 Plurimos
1125 557 1164 580 ex
1189 547 1325 589 populis,

895 595 940 629 Ut
963 598 1132 635 acceptent
1159 596 1269 637 dignos
1297 604 1399 628 mores

941 644 1002 675 Pro
1028 644 1167 675 aeternis
1192 644 1335 676 saeculis.

1028 738 1237 774 Responseria.

834 807 864 839 1.
891 807 1006 839 Omnes
1030 815 1165 839 noscens
1191 808 1365 844 creaturas,

888 854 968 886 Tam
992 857 1177 894 praesentes
1200 862 1295 893 quam
1312 852 1448 895 futuras,

939 902 999 934 Dei
1024 901 1238 941 praescientia

892 948 966 982 Non
989 950 1112 982 invenit
1136 950 1182 981 ita
1206 951 1332 989 gratum

890 996 960 1029 Nec
985 998 1138 1030 virtutum
1163 997 1402 1037 comprobatum

938 1045 1003 1077 Par
1024 1045 1110 1076 inter
1136 1045 1291 1085 coniugia.

819 1091 856 1124 V.
887 1089 966 1124 Non
983 1094 1029 1124 est
1047 1092 1196 1125 inventus
1221 1092 1340 1125 similis
1365 1092 1445 1135 illis,

891 1139 948 1178 Qui
973 1142 1174 1172 conservaret
1199 1140 1297 1180 Iegem
1323 1140 1446 1174 excelsi.

830 1197 862 1229 2.
888 1196 967 1229 Illos
993 1196 1091 1237 Deus,
1118 1205 1196 1236 ques
1220 1198 1406 1237 praescivit,

890 1243 974 1283 Quos
1001 1244 1126 1277 dotavit
1149 1246 1182 1275 et
1207 1245 1337 1277 vestivit

937 1292 1043 1324 Tanta
1066 1292 1305 1332 praecellentia,

892 1339 1012 1380 Dignos
1036 1340 1121 1372 inter
1146 1348 1256 1372 omnes
1282 1344 1392 1381 gentes

891 1387 1072 1428 Praeelegit
1094 1388 1130 1420 in
1153 1391 1304 1428 parentes

936 1435 981 1467 Et
1003 1436 1116 1467 matris
1136 1436 1299 1475 obsequia.

818 1483 857 1518 V.
886 1484 996 1524 Eleyit
1029 1493 1080 1516 ecs
1113 1493 1152 1515 ex
1184 1483 1275 1515 <anmi
1300 1493 1398 1517 carate
1420 1488 1448 1517 ct

889 1531 977 1564 dedit
991 1531 1060 1563 illis
1078 1541 1132 1563 cor
1153 1531 1199 1563 ad
1216 1533 1396 1572 praecepta
1421 1536 1449 1565 ct

890 1578 990 1620 leqem
1013 1579 1108 1612 vitae.

830 1639 861 1671 3.
890 1637 915 1669 O
937 1636 1008 1669 laus
1034 1637 1165 1677 grandis
1187 1638 1302 1669 Annae
1324 1639 1447 1678 matris,

891 1684 971 1717 Nam
999 1685 1201 1725 praeclarum
1226 1684 1289 1717 Dei
1313 1686 1416 1726 patris

937 1732 999 1766 Est
1023 1734 1296 1774 gazophylacium,

890 1781 927 1814 In
947 1790 1008 1821 quo
1027 1781 1143 1813 clausit
1162 1790 1319 1814 summum
1336 1791 1448 1814 aurum

890 1828 1030 1861 Deitatis
1057 1832 1089 1861 et
1111 1830 1307 1870 thesaurum,

937 1877 1174 1910 Thesaurorum
1202 1879 1367 1918 optimum.

820 1925 858 1959 V.
892 1922 1026 1959 Candor
1039 1929 1085 1958 est
1095 1925 1183 1957 enim
1201 1925 1282 1958 lucis
1300 1928 1450 1958 aeternae

892 1976 919 2005 et
942 1972 1053 2015 imayo
1078 1973 1232 2006 bonitatis
1255 1973 1359 2006 illius.

979 2118 996 2150 Ι
1007 2126 1026 2148 n
1054 2117 1082 2149 L
1090 2126 1110 2149 a
1117 2126 1139 2148 u
1150 2117 1170 2148 d
1178 2117 1191 2148 i
1199 2116 1220 2148 b
1229 2126 1250 2149 u
1259 2126 1284 2151 s.

1034 2192 1232 2228 Antiphonae.

834 2252 865 2284 1.
894 2252 997 2291 Anna,
1026 2251 1132 2283 virens
1154 2250 1250 2283 radix
1274 2252 1374 2292 Iesse,

941 2298 1083 2331 Pullulat
1106 2299 1240 2343 utiliter,

890 2345 958 2379 Nos
987 2346 1140 2379 virtutum
1169 2348 1298 2388 replens
1322 2357 1426 2381 messe

942 2396 1004 2428 Per
1029 2395 1168 2429 Mariam
1193 2396 1341 2431 dulciter.

1260 2452 1278 2481 5
