1655 2568
671 107 929 144 -278—

220 214 268 247 Ut
291 222 360 245 cum
384 210 538 244 fratribus
562 209 627 240 tuis

221 261 369 300 Recipias
392 258 570 291 mercedem

269 307 404 341 Laboris
428 306 491 345 tui3

153 358 190 390 V.
222 355 362 389 Innotuit

272 402 311 433 de
337 401 422 433 caelo
446 398 609 436 Dominus,

220 451 264 482 Et
287 448 457 480 altissimus

270 495 359 528 dedit
383 501 490 525 vocem
514 501 613 525 suam.

167 574 198 605 2.
224 571 351 610 Martyr
375 576 404 599 et
430 568 560 600 antistes

272 617 420 648 deserens
446 615 655 646 orbicolentes

223 664 361 696 Transiit
384 663 417 694 in
442 671 531 702 pace,

274 711 353 741 caeli
378 712 545 741 coronatur
568 709 601 739 in
626 716 709 745 arce,

162 760 193 793 V.
224 757 377 798 Legitime
399 764 542 797 pugnans

271 806 303 836 et
312 805 413 835 victor
421 804 461 835 ab
468 803 560 834 hoste
565 802 772 841 triumphans

168 883 200 914 3.
227 881 251 912 O
278 880 373 911 decor
398 878 558 913 eeclesiae.

230 928 291 959 Pro
317 927 390 958 Iesu
415 925 532 957 Christi
556 924 682 956 nomine

228 974 331 1005 Roseo
352 972 472 1004 tinctus
495 972 658 1011 sanguine,

227 1020 395 1052 Consolare
418 1028 475 1051 nos
499 1019 604 1058 hodie,

226 1068 343 1100 Sancte
364 1065 507 1104 Erasme,

227 1114 424 1145 Felicitatem

227 1160 400 1200 Utriusque
426 1161 509 1191 vitae

226 1208 326 1239 Nobis
351 1209 494 1249 deposce,

156 1256 192 1287 V.
229 1255 395 1287 Intercede

272 1310 330 1341 pro
354 1301 445 1332 nobis
470 1300 511 1331 ad
535 1298 715 1338 Dominum,

233 1348 376 1381 Gloriose

273 1395 335 1427 Dei
359 1395 468 1431 amice,

228 1442 271 1474 Ut
298 1445 351 1474 tua
373 1449 468 1483 prece

277 1489 315 1521 ab
334 1489 415 1520 omni
432 1488 619 1519 mundemur
638 1487 776 1520 crimine.

316 1622 332 1653 I
342 1631 359 1652 11
387 1621 413 1652 L
422 1629 470 1652 au
482 1620 501 1651 d
510 1620 522 1651 1
530 1620 550 1652 b
560 1629 580 1650 u
590 1629 616 1653 S.

365 1695 558 1730 Antiphonae.
604 1728 607 1731 Ι

180 1765 210 1795 1.
238 1762 375 1794 Gloriosi
398 1769 584 1794 veneremur

230 1810 411 1841 Passionem
435 1809 596 1848 martyris,

237 1857 281 1889 Ut
305 1865 364 1895 pro
389 1857 453 1888 suis
478 1856 674 1897 supplicibus

236 1903 335 1935 Deum
359 1907 438 1944 oret,
464 1912 661 1942 quaesumus

176 1980 206 2010 2.
233 1978 368 2010 Diversa
391 1987 574 2019 perpessum
598 1978 757 2018 supplicia

236 2025 421 2058 Consolatur
447 2026 552 2058 divina
576 2026 678 2066 gratia

234 2072 370 2105 Dicens:
396 2082 455 2112 per
478 2075 512 2104 te
534 2075 568 2105 111
593 2073 680 2105 caelo

238 2119 440 2152 Glorificatns
465 2130 533 2152 sum
559 2124 589 2151 et
606 2121 639 2152 in
656 2121 784 2155 mundo.

844 206 876 237 3-
902 203 1032 235 Intuens
1055 198 1088 228 in

948 247 1068 279 caelum
1093 243 1143 276 vir
1167 242 1296 274 inclitus

898 295 991 329 Vidit
1015 300 1162 325 coronam

945 342 1006 375 sibi
1031 340 1116 372 mitti
1141 337 1281 377 caelitus,

904 392 997 424 Orat:
1025 393 1128 420 tecum
1152 386 1205 425 sit,

948 437 1085 475 Christe,
1111 442 1198 465 meus
1225 432 1368 473 spiritus

842 507 874 538 4.
903 504 987 537 Caeli
1013 504 1144 543 patente
1168 500 1265 531 ianua.

901 550 1087 592 Ingreditur
1110 547 1191 579 felix
1214 547 1321 577 anima

902 599 1022 631 Orans:
1050 596 1091 627 da
1114 594 1294 627 mercedem
1319 591 1441 632 gloriae

901 647 957 678 Me
980 643 1172 684 petentibus,
1198 640 1343 673 Domine.

844 716 875 746 5.
901 712 947 744 Te
971 713 1116 750 petentes

948 759 981 790 in
1007 761 1062 789 tua
1086 756 1262 788 festivitate

902 806 954 838 Ab
979 805 1064 837 omni

948 852 1050 884 libera
1073 851 1272 889 necessitate,

903 900 1020 933 Sancte
1042 898 1189 936 Emsme,

950 948 1116 979 caelestem
1130 953 1222 985 opem
1239 943 1330 975 nobis
1348 951 1456 982 posce.

1018 1030 1064 1058 Ad
1078 1029 1262 1057 Benedictus.

832 1101 872 1134 A.
904 1100 961 1138 Qui
986 1098 1094 1130 illuxit

948 1145 1041 1178 nobis
1064 1145 1098 1177 in
1122 1144 1275 1182 tenebris,

904 1193 966 1225 Per
991 1192 1104 1225 merita

948 1240 1075 1273 Erasmi
1100 1238 1249 1280 martyris

903 1288 1030 1327 Dirigat
1054 1288 1154 1326 pedes

952 1338 1078 1367 nostros
1102 1335 1134 1365 in
1159 1334 1241 1365 viam
1268 1331 1368 1375 pacis,

904 1383 1014 1421 Ipsum
1040 1391 1113 1421 ergo
1139 1381 1305 1413 laudemus

903 1429 1069 1461 Dicentes:
1096 1429 1290 1460 Benedictus

952 1476 1107 1508 Dominus
1130 1475 1228 1508 Deus.

972 1599 1018 1631 In
1046 1600 1078 1633 2.
1106 1599 1324 1639 vesperis.

1027 1674 1074 1702 Ad
1093 1673 1274 1709 Mag-nificat.

837 1743 876 1774 A.
902 1740 1112 1782 Magnificent

952 1789 1084 1829 virginis
1109 1788 1209 1821 filium

909 1837 1023 1869 Omnes
1048 1835 1107 1869 filii
1130 1838 1305 1878 hominum,

907 1884 966 1922 Qui
993 1885 1145 1916 exaltavit
1170 1884 1323 1917 humilem

910 1931 1059 1963 Sanctum
1077 1932 1248 1964 Erasmum
1267 1933 1466 1972 praesulem3

912 1979 1011 2020 Ergo,
1036 1982 1161 2019 martyr
1184 1980 1335 2020 gloriose,

913 2027 1110 2059 Assistentes
1136 2027 1200 2059 tuis
1226 2027 1376 2060 laudibus

915 2074 955 2106 In
980 2077 1142 2106 aeternum

963 2122 1060 2162 iunge
1086 2123 1285 2155 caelestibus

246 2194 330 2221 Brev.
352 2195 501 2239 B-Iisnense
521 2196 590 2238 imp..
612 2204 635 2222 s.
654 2193 771 2223 1.1483
790 2196 826 2224 A.
839 2212 878 2215 —
896 2195 983 2223 Brev.
1003 2197 1251 2225 Wratislaviense
1268 2199 1338 2234 imp.
1360 2207 1384 2225 s.
1404 2197 1425 2224 l.
1447 2203 1477 2226 et

171 2240 199 2259 a.
224 2232 257 2258 B.
279 2246 316 2251 —-
336 2232 471 2260 Vratmus
491 2233 744 2261 Wratislawensis
764 2235 833 2270 imp.
854 2235 987 2262 Veneriis
1009 2232 1091 2262 1501.
1114 2235 1144 2262 O.
1171 2253 1204 2256 —-
1223 2235 1308 2263 Brer.
1328 2236 1480 2265 Misnense

165 2271 237 2306 imp.
258 2268 377 2306 Lipsiae
396 2271 432 2301 (¹2)
454 2268 534 2298 1517.
557 2270 594 2297 D.
614 2286 653 2291 —-
671 2271 712 2298 In
734 2269 758 2298 1.
776 2272 884 2308 Vesp.
909 2271 1004 2308 Super
1023 2273 1070 2300 Ps.
1090 2282 1146 2301 nur
1169 2275 1235 2301 eine
1248 2274 1409 2309 Antiphon,
1430 2275 1478 2303 die

166 2312 241 2336 (ξπ-κίε
267 2308 350 2335 ABC.
370 2323 408 2328 -—
428 2308 475 2336 Ad
493 2309 583 2344 Magn

587 2329 593 2335 .
619 2308 650 2342 Α,
672 2307 690 2335 2
713 2309 827 2346 fulgens
854 2310 891 2337 D.
919 2324 955 2329 —
976 2310 1018 2338 1n
1046 2310 1070 2338 1.
1100 2311 1201 2339 Noct.
1223 2309 1244 2338 Β
1270 2311 1299 2347 2,
1322 2312 1334 2339 1
1356 2313 1479 2341 Planxif

166 2347 204 2374 D.
282 2343 302 2372 R
324 2343 350 2377 3,
371 2345 390 2373 4
409 2355 474 2373 cum
493 2346 553 2374 filio
573 2347 610 2374 D.
623 2347 716 2374 -—1n
736 2345 762 2373 2.
778 2348 882 2375 Noct.
898 2345 919 2373 R
941 2346 967 2380 2,
988 2347 1008 2375 4
1021 2349 1211 2377 simulacrum
1223 2352 1361 2379 continuo
1379 2351 1479 2380 OD.—

168 2385 212 2412 In
232 2381 259 2411 3.
280 2385 384 2413 Noot.
406 2382 426 2409 R
448 2383 474 2418 2,
495 2382 513 2411 2
531 2384 620 2412 hodie
639 2384 775 2412 deserens
795 2385 889 2422 BCD;
911 2386 1108 2414 orbiculantes
1129 2388 1165 2416 D.
