1653 2567
154 582 193 616 V.

232 200 277 233 Ut
303 211 364 242 per
390 203 466 235 doni

283 251 367 282 vices
392 250 528 283 exhibiti

232 295 352 328 Christi
377 306 470 329 servo

276 352 313 375 re
337 346 445 384 grates
470 344 602 391 referat,

229 390 318 431 Ergo
348 391 431 424 tanti

277 438 392 472 devote
417 443 573 479 properat

229 486 447 527 Compensare

276 533 458 567 mercedem
482 536 607 576 meriti3

223 582 474 623 Transgreditur
498 583 579 624 legis

273 634 373 664 metas
397 629 532 663 intentio
554 631 649 672 regiS.

166 698 198 730 4.
226 697 298 729 Non
325 698 455 731 invento

268 745 338 778 viro
364 745 527 785 Polymius

222 792 294 825 Suis
320 803 397 827 aera

270 842 357 882 gazis
382 842 534 883 restituit,

226 889 283 922 Cui
309 890 359 922 vir
382 889 469 922 idem

270 938 335 970 iam
363 938 483 970 dudum
511 938 655 971 conscius

219 985 256 1017 In
283 989 408 1018 secreto

269 1034 382 1066 domus
408 1034 561 1074 apparuit

217 1081 263 1113 Et
285 1082 319 1114 in
344 1081 410 1114 fide

265 1130 444 1169 prudenter
468 1130 592 1170 imbuit,

217 1177 310 1210 Vitae
338 1177 472 1211 verbum

269 1234 424 1267 spargens
451 1225 615 1269 diffusius;

215 1273 285 1306 Rex
309 1274 443 1306 memori
469 1274 585 1307 clausit

267 1322 301 1354 in
349 1324 473 1363 mente,
519 1324 605 1363 quod
648 1324 778 1357 auribus

548 1371 664 1406 hausit.

278 1514 323 1546 In
351 1517 382 1548 2.
410 1514 642 1548 Nocturno.

357 1600 555 1637 Antiphonae.

178 1695 185 1702 .
212 1667 297 1700 Dum
324 1668 463 1701 describi

261 1717 399 1749 cultores
424 1717 505 1749 idoli

212 1763 279 1796 Sibi
304 1767 441 1805 poscunt

259 1813 383 1845 vultum
408 1813 558 1852 apostoli,

208 1860 288 1893 Mox
316 1861 491 1894 addiscunt

260 1912 292 1941 et
316 1918 416 1942 annos
442 1910 596 1949 temporis

209 1957 253 1989 Et
279 1957 422 1990 eiusdem

258 2014 440 2039 mensuram
472 2007 626 2047 corporis.

210 2063 313 2104 Niger
338 2063 446 2103 criniS,
474 2063 549 2096 alba
574 2072 659 2104 caro,

204 2112 314 2144 Barba
338 2112 444 2151 longa,
473 2120 552 2143 cano
577 2120 662 2151 raro,

206 2162 341 2200 Aequae
365 2167 460 2191 nares
487 2161 520 2190 et
545 2159 697 2200 directae,

206 2208 313 2240 Aures
341 2208 430 2240 crine
455 2216 511 2239 suo
535 2210 651 2242 tectae.

174 2292 180 2299 .
207 2266 270 2299 Est
294 2265 438 2307 aequalis
464 2265 496 2296 in
522 2267 657 2306 statura,

205 2314 384 2347 Mediocris
408 2313 440 2345 in
467 2322 627 2352 mensura,

206 2362 327 2396 Vestis.
340 2363 407 2394 eius
432 2362 562 2394 sordem
587 2361 691 2394 nescit

207 2410 278 2444 Nec
302 2419 362 2450 per
387 2413 513 2450 tempus
539 2409 721 2442 veterescit.

790 111 858 148 139
907 135 951 139 —

866 211 899 243 4.
926 210 1145 251 Frequentata

974 267 1111 298 genuum
1136 257 1231 291 flexio

929 305 999 345 Iugi
1026 305 1187 338 Christum

971 353 1081 391 pulsat
1103 352 1264 395 suffragio,

922 398 1004 430 Nam
1029 407 1088 439 per
1112 403 1221 432 noctes

967 450 999 478 et
1025 446 1093 478 dies
1114 447 1257 488 singulos

920 492 1000 525 Suos
1027 493 1057 525 ei

968 542 1170 575 commendat
1193 541 1339 577 famulos.

860 598 890 629 5.
917 597 1114 638 Angelorum

966 648 1077 678 sancta
1100 648 1236 681 societas

917 693 995 725 Veri
1019 692 1083 726 Dei

965 744 1135 773 conservat
1160 744 1302 785 semitaS,

916 789 980 822 Per
1001 798 1079 830 quos
1105 792 1191 822 tutus

963 837 1082 878 ubique
1106 838 1263 884 redditur,

917 884 971 917 Sic
995 894 1056 918 nec
1080 885 1167 918 sitim

962 942 1022 965 nee
1050 931 1167 966 famem
1189 936 1321 975 patitur.

857 991 887 1023 6.
916 990 1039 1023 Cuncta
1062 991 1162 1032 novit,

964 1041 1080 1070 cuncta
1106 1040 1297 1085 considerat,

913 1085 1081 1119 Universis

963 1134 1054 1166 donis
1081 1134 1245 1176 exuberat,

912 1181 1029 1214 Omnes
1054 1181 1176 1215 habens

958 1230 1084 1271 linguas
1112 1230 1147 1262 in
1171 1231 1284 1264 habitu

908 1277 1017 1317 Ipsum
1045 1280 1157 1310 sancto

957 1327 1104 1366 replente
1129 1327 1255 1368 spiritu.

1049 1420 1260 1457 Responsoria.

848 1489 881 1521 1.
910 1487 1130 1528 Compeiiente

957 1536 1076 1569 Christi
1104 1537 1261 1578 discipulo

905 1583 1011 1617 Duros
1037 1585 1171 1617 daemon

953 1633 1092 1673 mugitus
1117 1633 1230 1674 edidit,

910 1679 1024 1713 Coram
1050 1689 1126 1721 rege

958 1732 1134 1769 cunctoque
1154 1731 1275 1770 populo

907 1774 990 1808 Suae
1016 1776 1141 1809 fraudis

955 1828 1133 1857 commenta
1157 1826 1305 1866 prodidit

904 1872 1037 1906 Dicens:
1067 1873 1159 1906 vivus

949 1921 985 1952 in
1008 1924 1144 1953 mortem
1166 1922 1291 1964 incidit,

904 1968 1052 2009 Quisquis
1078 1972 1188 2001 nostro

952 2017 1056 2049 credit
1079 2018 1219 2058 oraculo,

832 2064 871 2097 V.
905 2064 1025 2096 Tendit
1050 2064 1091 2096 ad
1116 2063 1277 2097 infernum

951 2113 1092 2152 perdens
1112 2112 1261 2145 diadema
1280 2122 1463 2152 supernum.

845 2170 876 2202 2.
903 2168 1080 2212 Resipisce‚

952 2220 1083 2249 cruenta
1109 2217 1232 2258 civitas,

902 2264 972 2297 Iam
996 2266 1108 2296 tenere

952 2302 1065 2344 foedus
1087 2321 1159 2344 cum
1184 2313 1282 2355 idolo,

903 2359 968 2391 Sed
994 2369 1015 2391 a
1039 2360 1160 2393 Christi

952 2408 1058 2440 discas
1084 2408 1253 2452 discipulo,
