1653 2567
675 97 934 133 -124-

154 191 176 219 A
200 191 224 225 1,
248 190 262 219 1
284 194 395 220 Vaoate
415 193 479 221 Deo
501 194 629 221 carmine
646 193 678 221 Β.
700 207 735 212 —-
757 192 776 219 Α
799 191 822 226 1,
844 190 861 220 3
880 193 916 221 In
936 192 989 221 hac
1009 194 1097 222 beata
1115 193 1232 228 virgine
1254 191 1286 217 Β.
1310 205 1344 209 -
1359 186 1381 215 A
1406 187 1430 222 1,
1444 187 1464 216 4

153 231 312 266 Assumpta
332 232 411 259 intra
432 232 505 259 caeli
527 231 633 259 sedilia
652 232 690 262 B:
721 231 767 259 (lie
786 231 893 259 Lesart
912 239 970 259 von
990 232 1014 259 A
1034 233 1075 259 ist
1094 231 1215 266 richtig,
1240 230 1262 258 Β
1283 229 1335 256 auf
1350 228 1464 256 Kosten

155 269 205 297 des
224 269 366 297 Meti-unis
393 278 431 297 zu
452 269 582 297 Guns‘ten
611 270 660 296 des
681 270 786 297 sinnas
813 269 983 306 korrigiert3
1010 279 1047 297 zu
1067 269 1286 297 konstruiereu:
1318 266 1374 301 Qui
1396 265 1466 293 feeit

153 307 302 335 mirabilia
322 308 354 334 in
373 308 500 343 virgine,
531 315 617 343 quam
638 309 798 343 assumpsit
815 308 893 335 intra
914 307 987 335 caeli
1008 307 1122 335 sedilia.
1164 324 1173 327 -
1202 305 1224 333 A
1246 303 1272 339 2,
1299 303 1313 333 1
1335 303 1464 332 Aufferte

155 345 217 373 Deo
243 345 276 372 B.
303 361 341 366 -
369 345 387 371 Α
415 345 441 378 2,
470 344 487 372 3
517 344 560 373 Ob
585 347 705 381 virginis
724 346 880 373 victoriam
902 346 934 373 B.
956 360 992 364 —
1015 344 1034 371 R
1059 343 1082 378 1,
1104 343 1122 372 2
1142 347 1225 381 pater
1245 344 1278 372 B.
1299 358 1336 362 —
1357 341 1374 367 R
1400 340 1424 373 1,
1446 339 1464 369 3

155 385 222 411 ruat
241 387 340 411 secuta
361 383 394 410 A.
415 398 453 403 -—
474 381 503 416 R,
527 382 552 416 1,
573 383 593 411 4
612 383 773 411 abscondat
791 384 824 410 B.
845 398 881 403 —
903 382 923 409 Β
945 381 971 417 2,
992 381 1009 411 3
1023 383 1129 420 prodat
1141 383 1175 411 A.
1191 397 1225 401 -—
1246 379 1265 408 R
1280 379 1306 414 3,
1321 380 1462 409 51udiei0

157 422 188 449 Β.
207 436 244 441 -
265 419 286 447 R
306 420 333 453 3,
354 419 372 449 8
398 423 467 449 veni
493 420 567 449 fehlt
587 422 625 453 A;
650 424 719 448 sunt
738 421 771 448 B.
792 435 828 439 —
848 421 891 449 In
912 422 1022 450 Laud.
1043 419 1066 447 A
1085 420 1113 452 4,
1134 420 1152 448 2
1173 421 1298 448 exalffato
1320 420 1351 446 B.
1375 433 1411 437 —
1439 417 1461 445 A

154 457 181 492 4,
202 458 221 487 4
241 463 326 487 sonat
346 460 377 486 13.
400 473 434 478 ——
455 458 478 485 A
503 458 528 493 5,
551 456 568 486 3
588 459 633 486 Ad
653 467 793 494 sponsum
813 467 900 495 quam
920 461 951 488 B.
975 474 1010 477 —
1031 459 1077 487 Ad
1097 459 1203 487 Bened.
1226 459 1253 494 Α,
1276 456 1292 485 6
1313 458 1461 493 placemus

155 498 188 525 A.
211 512 247 517 -—
269 497 340 525 Ibid.
360 497 378 523 8
398 498 542 525 Dominus
566 497 644 524 Deus
666 498 723 524 AB.
747 513 784 517 —
802 498 843 525 In
862 495 888 524 2.
909 498 1014 532 Vesp.
1036 497 1073 525 ad
1095 498 1193 534 Magn.
1210 496 1240 531 A,
1265 494 1277 522 1
1301 496 1393 523 claret
1411 503 1462 530 po-

155 536 249 563 tentia
276 536 308 563 Β,
329 549 366 553 -
384 535 460 563 ibid.
480 534 500 563 4
518 535 602 562 Vixit
621 536 728 563 amoris
747 535 781 562 B.
802 551 839 554 —
865 535 940 563 Ibid.
962 533 979 562 5
998 536 1147 570 virginum
1168 535 1201 562 A.
1223 548 1259 554 -ψ
1284 534 1342 561 Die
1361 532 1464 560 Koila-

156 575 219 601 fion
238 582 297 600 von
316 573 340 601 B
361 573 496 608 besorgte
516 574 629 609 giitigst
643 573 721 601 Heri·
733 572 787 601 Ed.
804 573 921 606 Jacobs,
942 573 1083 601 Direktor
1103 573 1154 601 des
1173 573 1267 600 furstl.
1281 572 1405 599 Archivs
1426 580 1464 598 zu

157 610 373 647 Wernigerode.

591 703 642 734 44.
677 702 719 733 De
738 703 848 733 sancta
867 702 1019 734 Barbara.

296 821 338 853 In
367 821 397 854 1.
424 821 635 860 vesperis.

374 894 567 930 Anfiphonae.

172 955 202 986 1.
229 953 254 985 O
280 952 397 984 festiva
423 953 499 993 dies,

277 1000 346 1032 orbi
371 999 562 1032 venerabilis
588 999 683 1039 omni5

229 1046 388 1087 Sanguine
412 1056 506 1087 quam
530 1045 601 1079 fuso

277 1094 422 1126 Barbara
445 1094 533 1134 virgo
559 1096 673 1127 sacrat.

171 1158 202 1183 ·.
229 1150 267 1181 In
292 1159 363 1190 qua.
389 1151 474 1182 laeta
498 1150 545 1181 sui

276 1197 385 1237 sponsi
397 1198 469 1229 dum
481 1197 604 1229 scandit
615 1197 656 1229 ad
668 1198 781 1236 aulam,

232 1244 339 1276 Omnis
366 1244 391 1275 ei
419 1247 524 1275 coetus

280 1291 453 1323 coniubilat
477 1299 634 1331 superum.

196 1374 203 1380 .
230 1348 259 1379 A
287 1348 407 1380 dextris
432 1347 561 1387 Christi,

277 1404 337 1435 quo
361 1395 423 1426 iam
449 1395 544 1426 variis
572 1398 636 1426 stat
652 1395 776 1434 amicta,

228 1441 364 1479 Nomia
390 1450 525 1482 oramus,

277 1492 310 1520 ut
339 1487 445 1520 faveat
466 1488 622 1528 precibus

195 1570 201 1578 .
230 1545 376 1577 Gaudeat
402 1545 535 1576 ecclesia

282 1593 322 1624 de
346 1593 427 1624 tanti
452 1592 566 1624 sideris
592 1596 673 1632 ortu,

234 1639 299 1678 Quo
325 1639 517 1672 iucundatur

281 1690 368 1719 'serra
395 1688 551 1726 decusque
575 1688 650 1726 poii.

374 1771 579 1806 Responsoria.

193 1863 199 1870 .
232 1838 256 1870 O
282 1838 444 1878 speculum
470 1847 599 1878 morum,

204 1882 213 1887 ”
278 1885 470 1917 consolatrix
494 1886 688 1929 miserorum,

230 1932 374 1964 Barbara
398 1933 596 1972 praeclarum

279 1980 340 2012 due
369 1989 427 2011 nos
451 1980 512 2012 iter
537 1983 570 2012 et
593 1982 652 2013 tibi
678 1990 784 2014 carum

232 2026 367 2059 Cernere
394 2028 435 2059 da
460 2030 563 2059 tecum

278 2084 426 2114 sponsum
449 2076 649 2116 gaudereque
665 2085 782 2117 secum,

161 2121 199 2154 V.
229 2121 273 2154 In
299 2131 391 2162 quem
416 2123 600 2155 desiderant
624 2127 651 2157 et
676 2124 785 2166 anqeli

223 2170 418 2210 prospicere.

351 2254 396 2282 Ad
415 2255 592 2291 Magnificat.

159 2324 199 2354 A.
230 2322 397 2355 Plausibus
424 2324 576 2356 ecclesiae

277 2370 346 2402 laus
373 2374 418 2402 est
444 2371 570 2403 adiecta
594 2372 729 2412 novella,

907 773 991 805 Dum
1017 773 1120 805 caelos
1143 773 1238 805 hodie

955 821 1062 862 vestis,
1090 820 1270 852 carrissima
1294 819 1405 858 stella3

907 867 1061 907 Barbara,
1086 868 1174 908 virgo
1199 867 1270 908 Dei,

956 914 1067 954 nostri,
1092 914 1238 957 petimus,
1266 914 1417 946 miserere

910 961 954 993 Et
977 962 1103 1002 plebem
1128 961 1204 993 fidei

956 1018 1050 1048 prece
1074 1009 1297 1049 praesidioque
1321 1012 1418 1040 tuere.

979 1113 1039 1144 Ad
1063 1113 1328 1144 Matutinum.

1044 1186 1259 1214 Invitatorium.

911 1244 1079 1281 virgineae
1103 1244 1202 1283 prolis

957 1291 998 1322 ad
1024 1291 1134 1323 laudes
1158 1292 1340 1331 evigilemus

910 1338 953 1370 Et
979 1339 1045 1369 veri
1069 1339 1145 1370 solis

959 1388 1061 1417 ortum
1086 1385 1195 1417 iubilis
1220 1395 1414 1419 resonemus,

970 1499 1012 1531 In
1042 1500 1072 1531 1.
1100 1499 1327 1534 Nocturno.

1056 1573 1253 1610 Amiphonae.

876 1658 882 1664 .
911 1632 1007 1671 Virgo
1033 1640 1128 1670 super
1153 1633 1256 1665 caelos

957 1679 1024 1719 regi
1048 1680 1112 1711 iam
1133 1680 1281 1719 proxima
1302 1690 1416 1722 magno

910 1726 1012 1758 Dulce
1036 1735 1213 1767 novumque
1237 1727 1335 1759 melos

958 1782 1028 1805 eum
1053 1774 1230 1815 virginibus
1255 1776 1342 1807 canit,
1365 1785 1457 1816 agnO.

877 1857 883 1864 .
912 1830 1003 1862 Hanc
1028 1839 1085 1870 per
1107 1834 1253 1863 naturam

957 1878 1028 1917 tibi,
1046 1887 1162 1920 spurce
1173 1878 1337 1920 Dioscore‚
1355 1883 1465 1913 natam

911 1925 978 1957 Lex
1003 1925 1130 1957 Domini
1156 1935 1265 1966 puram

957 1973 1097 2004 servavit
1122 1976 1154 2004 et
1178 1973 1424 2009 immaculatam.

878 2055 885 2062 .
910 2030 1013 2062 Muris
1038 2030 1161 2062 inclusa

959 2078 1075 2117 gaudet
1092 2087 1193 2119 prope
1211 2078 1307 2112 fontis
1321 2089 1464 2126 amoena,

912 2125 978 2164 Quo
1004 2124 1065 2157 fuit
1085 2125 1192 2158 infusa

957 2172 1148 2212 baptismate
1172 2174 1262 2215 virgo
1288 2184 1410 2210 serena.

853 2231 884 2263 4.
910 2229 1023 2262 Multis
1049 2229 1187 2264 fecunda

960 2277 1127 2310 virtutibus
1152 2280 1233 2311 haec
1257 2279 1320 2312 fuit.
1343 2282 1440 2327 unda,

913 2326 1036 2358 claruit
1061 2329 1092 2358 et
1117 2327 1216 2368 signis

959 2381 1050 2406 sacra
1060 2383 1138 2406 crux
1146 2375 1178 2407 in
1187 2384 1345 2410 marmore
1356 2378 1471 2419 dignis.
