1653 2567
676 115 914 151 „gl-r

149 212 180 243 2.
207 210 246 243 In
272 219 382 242 amore
406 211 488 244 vixit
514 211 644 253 Christi,

203 257 291 297 Quae
315 260 391 290 sunt
407 259 529 299 mundi,
555 263 661 293 mente
678 261 765 294 tristi

202 305 357 338 Pensavit
380 306 551 350 blanditia,

204 353 377 386 Resecavit
401 355 490 387 vitia.

146 427 153 437 .
169 431 177 439 .
206 406 311 446 Caput
336 406 403 438 eius
429 407 584 440 exaltavit

202 452 362 495 Christus,
385 455 440 486 hio
466 454 541 486 dum
566 457 732 497 superavit

202 500 312 534 Hostis
337 502 469 542 maligni
495 501 654 543 fraudem,

199 549 254 581 Ad
280 551 348 582 alta
372 548 457 582 fudit
482 550 620 584 laudem.

336 605 548 642 Responsoria.

169 672 177 680 .
202 648 255 681 Ex
279 650 494 682 Romanorum

248 697 314 730 alto
341 698 529 730 conscendit
553 699 674 740 stipite,

202 743 319 777 Gladio
343 746 497 778 mundum

249 791 356 824 ferens
381 793 531 835 ancipite,

198 839 383 874 Eufemiani

249 890 343 920 natus
368 888 439 928 pius
464 888 611 930 Alexius,

203 935 290 974 Quae
315 935 535 979 inquinabant,

248 983 407 1023 pensabat
431 984 627 1024 perplexius,

199 1030 366 1063 Anhelans
392 1031 435 1063 ad
459 1040 599 1071 superna

158 1103 165 1110 .
197 1077 378 1110 Affectione
403 1078 553 1119 gradiens
577 1080 705 1112 interna

196 1126 251 1157 Ad
278 1135 325 1165 ea,
351 1134 432 1165 quae
456 1135 581 1158 sursum
606 1129 690 1168 sunt,

197 1172 279 1205 Late
309 1174 420 1205 lucens
444 1174 585 1206 lucerna.

166 1251 173 1260 ,
199 1224 400 1257 Pubescente
424 1225 540 1258 Alexio

195 1273 362 1313 Imperiali
389 1273 428 1305 de
453 1273 533 1305 solio

246 1321 345 1362 Virgo
372 1321 490 1353 decora

294 1368 357 1401 sibi
376 1369 600 1410 desponsatur,

198 1416 298 1455 Quam
323 1417 523 1449 continenter
549 1417 658 1450 vivere

196 1463 325 1505 Docuit,
355 1473 390 1496 se
415 1465 521 1496 visere

247 1512 436 1544 Sanctorum
461 1512 544 1544 velle

293 1560 365 1592 loca
391 1558 555 1592 fabulatur

159 1636 165 1641 .
198 1607 324 1648 Sponsa
349 1607 522 1639 clementer
547 1608 666 1652 annuit,

198 1655 289 1694 Quod
315 1664 450 1694 sponsus
477 1655 531 1694 pie
554 1656 676 1697 maluit,

245 1703 288 1735 Ei
315 1703 566 1743 congratulatur.

161 1784 167 1790 .
195 1756 233 1788 In
257 1756 409 1789 Edissam
434 1755 546 1788 urbem
570 1766 708 1798 pergens

242 1803 395 1837 Vestibus
424 1803 568 1844 abiectis,

196 1851 300 1885 Gazas
312 1861 372 1895 pro
385 1851 512 1886 Christo
523 1855 652 1885 cunctas
663 1863 754 1894 spar-

528 1909 615 1942 gens,

237 1948 307 1981 Has
331 1947 455 1981 habens
479 1957 539 1988 pro
562 1948 704 1991 infectis,

153 2022 159 2029 .
191 1996 410 2029 Mendicando
435 1997 554 2029 victum
580 2006 747 2040 quaerens,

192 2044 322 2077 Limina
345 2044 472 2077 Mariae
497 2047 603 2077 terens

239 2093 363 2134 Opibus
389 2093 560 2134 despectis.

252 2170 300 2203 In
327 2170 358 2202 2.
385 2169 617 2206 Nocturno.

342 2222 539 2258 Antiphonae.

153 2292 161 2300 .
190 2266 342 2299 Sanctum
367 2275 481 2299 nomen
507 2266 638 2300 Domini

234 2313 341 2355 Digne
364 2314 559 2357 mirificavit,

189 2361 332 2396 Pensans
357 2363 405 2395 nil
429 2364 548 2396 mundo
577 2364 671 2398 vilius

236 2409 396 2444 Caelestia
421 2412 575 2453 captavit.

837 216 869 247 2.
896 213 992 247 Scuto
1017 221 1094 246 suae
1117 213 1291 245 voluntatis

941 261 1036 293 Hunc
1060 260 1147 292 Deus
1171 261 1322 301 protexit,

893 309 1085 349 Exemplum
1114 309 1188 340 dum
1212 308 1402 341 humilitatis

941 357 1062 397 Iugiter
1091 357 1202 390 erexit.

895 413 1014 448 Christi
1039 422 1153 446 nomen
1178 413 1369 446 admirabile

892 462 928 495 In
957 462 1023 493 eius
1052 462 1149 493 corde
1172 471 1235 494 non
1260 461 1359 493 labile

940 509 1084 541 Fortiter
1104 509 1216 550 sitivit,

892 556 976 590 Dum
1001 556 1238 598 parvipendens
1263 556 1373 588 infima

892 604 1012 637 Tendit
1037 605 1078 637 ad
1103 604 1262 643 sublimia,

938 652 1116 686 Ferventer
1139 660 1220 692 quae
1246 652 1436 693 concupivit.

1029 719 1237 754 Responsoria.

891 766 994 799 Annis
1021 768 1130 799 decem
1156 770 1189 799 et
1212 768 1353 806 septenis

938 814 1107 847 Marcebat
1130 815 1162 846 in
1188 814 1307 847 Edissa

892 862 991 895 Vanis
1016 863 1134 904 spretis
1161 865 1193 894 et
1217 862 1362 894 obscenis

937 909 1130 942 Mendieans
1155 911 1244 943 veste
1268 911 1378 950 scissa,

890 958 1028 998 Agnitus
1055 957 1181 990 demum
1206 957 1318 990 beatus

937 1006 1118 1038 Veneratur
1143 1006 1205 1049 pie,

889 1051 1075 1093 Aufugebat
1097 1054 1166 1086 Deo
1192 1055 1310 1096 gratus,

935 1100 1037 1132 Huius
1062 1109 1217 1139 spernens
1242 1100 1313 1132 viae

887 1147 1122 1188 Blandimenta,
1149 1147 1255 1180 navim
1276 1147 1444 1190 scandens,

887 1194 977 1227 Nutu
1000 1195 1064 1227 Dei
1087 1195 1223 1228 Romam
1245 1197 1383 1228 tendens

937 1243 991 1275 Ad
1016 1243 1171 1283 templum
1196 1242 1331 1276 Mariae.

887 1302 1026 1344 Patrem,
1047 1303 1192 1341 matrem,
1210 1309 1360 1342 sponsam
1378 1308 1446 1332 cer-

1216 1357 1296 1380 nens

886 1397 1072 1436 Incognitus
1097 1396 1207 1429 abibat
1233 1397 1374 1437 gaudens

887 1444 1017 1476 Doloris
1041 1445 1160 1476 lectum
1186 1447 1342 1485 sternens,

886 1493 985 1532 Quem
1009 1491 1153 1524 lacrimis
1177 1493 1311 1535 irrigat,

885 1540 1077 1579 Peregrinus
1103 1540 1221 1572 victum
1247 1540 1331 1578 petit

935 1587 1074 1627 Propter
1097 1587 1257 1627 Alexium,

888 1634 1025 1668 Gemens
1050 1637 1144 1676 pater
1167 1644 1241 1668 mox
1265 1635 1380 1675 recipit

935 1682 1030 1715 Hunc
1053 1684 1087 1715 in
1113 1683 1179 1715 eius
1205 1683 1331 1717 atrium.

814 1731 854 1763 V.
880 1731 1000 1763 Decem
1031 1734 1063 1763 et
1087 1734 1209 1771 septem
1235 1731 1326 1763 annis
1351 1730 1397 1763 ibi

826 1886 857 1918 3.

885 1779 1069 1819 incognitus
1092 1779 1272 1819 permansit
1295 1779 1358 1811 sibi

934 1826 1048 1859 Semen
1074 1836 1184 1860 serens
1209 1825 1371 1862 floridum¹

883 1885 966 1918 Dum
993 1885 1113 1918 laboris
1141 1885 1245 1917 exitus
1269 1885 1421 1924 instabat,

884 1933 992 1965 Vitam
1014 1933 1050 1965 in
1067 1935 1156 1965 carta
1171 1942 1268 1966 manu
1283 1932 1442 1974 signabat,

883 1982 983 2022 Quam
1007 1982 1069 2013 nisi
1095 1990 1235 2014 summus
1260 1980 1407 2021 pontifex

929 2028 1113 2062 Extrahere
1138 2030 1276 2062 valebat.

810 2076 848 2110 V.
880 2077 940 2117 Qui
964 2075 1071 2110 flendo
1096 2077 1205 2118 legens
1230 2077 1345 2109 seriem

883 2125 1139 2165 Cunctorumque
1162 2125 1348 2165 maneriem,

928 2173 1015 2213 Quae
1044 2174 1155 2206 littera
1181 2173 1325 2208 canebat.

938 2250 986 2282 In
1012 2251 1044 2283 3.
1070 2249 1306 2283 Nocturno.

1023 2316 1221 2353 Antiphonae.

821 2365 852 2398 1.
878 2365 996 2398 Dolum
1022 2374 1085 2398 non
1112 2366 1176 2406 egit
1200 2366 1304 2409 labiiS,

880 2413 999 2446 Solutis
1024 2415 1134 2447 mundi
1161 2416 1274 2449 stadiis
