1655 2568
760 79 994 114 -32—

341 176 402 208 Est
425 179 533 209 vectus
558 178 599 209 ad
623 183 771 216 suprema

296 225 510 262 supernorum
536 224 660 264 civium,

295 270 513 311 Divorumque
536 270 703 310 spirituum

341 319 486 356 Adeptus
512 317 667 350 diadema.

261 400 268 407 .
294 375 324 405 A
350 376 382 405 te
406 374 502 405 vitam
526 373 627 413 petiit,

295 421 412 452 Laetus
438 420 478 452 ad
505 421 624 451 culmen
650 418 755 454 rediit,

339 467 404 500 Ubi
428 468 497 498 sine
520 465 583 498 fine

295 514 446 545 Versatur
469 512 601 552 laetitia,

294 560 441 594 calcatur
463 559 622 591 maestitia

339 606 496 640 Afficiunt
522 615 581 639 nec
604 606 718 639 minae.

260 691 266 698 .
292 664 420 696 Domini
446 664 630 696 conscendit
651 665 800 701 montem,

291 712 446 744 Mundum
472 710 634 743 debellans
651 709 703 741 hic
720 711 841 742 sontem

339 758 493 791 Innocens
519 760 567 790 est
590 756 734 790 manibus

339 806 409 839 Nec
434 807 534 838 victus
558 805 713 838 inanibus,

427 900 632 934 Responsoria.

258 985 265 992 .
290 958 450 989 Eiulatum
476 955 612 989 flebilem

338 1004 469 1037 Dabant
491 1005 571 1037 haec
595 1005 769 1045 audientes,

291 1053 466 1085 Clamorem
491 1052 697 1084 insanabilem

338 1100 424 1132 Pilos
450 1099 619 1131 evellentes

290 1147 444 1178 Parentes
475 1146 541 1178 eius
565 1146 683 1178 iterant

338 1193 434 1225 Haud
462 1193 604 1225 volentes
627 1193 794 1233 consolari,

289 1241 334 1273 Ut
357 1241 462 1273 insani
488 1240 626 1272 delirant

339 1287 541 1327 Nequeuntes
566 1286 637 1319 fari.

254 1362 260 1367 .
288 1332 473 1366 Confluebat
495 1333 691 1366 infirmorum

338 1381 448 1413 Turba
472 1382 608 1421 copiosa,

294 1429 427 1461 Suorum
452 1428 656 1460 recordantes
683 1429 824 1461 dolorum

341 1476 455 1509 Curam
480 1476 648 1516 gaudiosa3

292 1522 383 1554 Facti
408 1524 597 1562 stupendum
624 1524 738 1555 exitum

341 1570 520 1610 Coeperunt
543 1571 704 1602 admirari.

261 1652 268 1659 .
295 1626 409 1659 Odoris
430 1627 511 1658 mira
536 1626 711 1667 fragrantia

341 1674 392 1705 De
417 1682 548 1713 corpore
569 1677 694 1706 sacrato

389 1721 566 1763 vaporavit,

296 1767 409 1808 Populi
434 1769 594 1800 turmatim
620 1767 798 1809 frequentia

346 1813 495 1848 Gressum
522 1818 702 1854 portantum
726 1816 788 1848 hoc

389 1864 644 1902 praeoccupavit.

297 1910 504 1942 Pecuniarum
531 1911 630 1954 copia,

296 1958 378 1997 Quos
403 1958 540 1997 angebat
557 1958 675 1998 inopia,

344 2006 465 2045 Sparsa
487 2014 550 2037 non
574 2005 746 2046 revocavit,

257 2077 264 2085 .
297 2051 466 2092 Cupientes
491 2052 563 2092 plus
588 2054 703 2091 sanari,

297 2099 395 2138 Quam
420 2108 513 2140 gazas
538 2099 745 2140 locupletari3

344 2147 398 2179 Sic
421 2146 509 2179 Deus
529 2147 613 2179 hunc
635 2147 827 2180 mirificavit.

264 2229 272 2237 .
297 2204 430 2237 Praesul
451 2204 664 2248 Innocentius,

296 2251 466 2292 Arcadius,
491 2251 662 2292 Honorius,

348 2299 560 2339 Imperatores
587 2299 663 2342 divi,

302 2345 453 2378 Sanctum
479 2356 593 2387 corpus
615 2346 755 2387 propriis

975 172 1148 204 Portarunt
1170 172 1296 214 palmis,
1323 167 1473 207 humeris,

1020 218 1208 251 Devotionis
1234 219 1297 251 rivi

976 265 1147 298 stillarunt
1171 266 1211 298 ab
1235 265 1335 297 oculis

1022 312 1225 353 Sequentium
1253 310 1447 344 defunctum.

974 359 1079 399 Alexi,
1106 358 1169 390 tuis
1194 358 1307 390 loculis

1020 406 1176 445 Populum
1202 405 1340 445 adiunge
1356 402 1422 435 fide
1439 401 1530 435 func-

1298 454 1377 483 tum.

901 501 937 535 V,
969 499 1160 539 Exemplum
1184 498 1359 538 patientiae

1017 546 1085 578 Fac
1108 548 1184 578 tuae
1210 545 1396 587 consectari,

972 594 1086 634 Deum,
1112 595 1238 634 patrem
1265 593 1463 634 clementiae,

1018 642 1080 675 Pro
1102 641 1195 674 nobis
1213 642 1316 680 stude,
1345 644 1448 684 pater,
1474 641 1530 674 de-

1300 689 1437 729 precari.

1061 815 1108 847 In
1133 813 1370 846 Laudibus.

1122 898 1320 935 Antiphonae.

914 967 944 1000 1.
970 966 1106 999 Indutus
1131 965 1353 999 fortitudinem

1017 1013 1151 1046 Alexius
1175 1013 1310 1053 decoris,

971 1061 1086 1093 Mundi
1111 1062 1258 1100 linquens
1280 1061 1475 1093 testudinem

1017 1108 1079 1141 Est
1131 1108 1268 1140 sociatus
1320 1117 1530 1149 supernorum

1301 1156 1416 1189 choris.

915 1214 945 1245 2.
972 1211 1114 1244 Servivit
1136 1213 1170 1244 in
1191 1212 1318 1244 laetitia

1020 1258 1147 1291 Summo
1172 1259 1371 1299 plasmatori,

971 1307 1178 1345 Amputando
1204 1306 1282 1339 vitia

1020 1354 1139 1386 Volens
1163 1353 1197 1385 in
1224 1353 1349 1387 Christo
1376 1357 1466 1388 mori.

913 1412 945 1444 3.
971 1411 1024 1442 Ad
1050 1409 1170 1443 fontem
1194 1411 1302 1442 vivum

1019 1456 1080 1490 Cor
1105 1458 1170 1489 eius
1196 1458 1307 1503 sitivit,

973 1504 1105 1538 Cursum
1128 1514 1281 1545 spernens
1300 1506 1353 1538 hic
1371 1508 1530 1541 declivum

1019 1552 1180 1586 Christum
1206 1562 1313 1593 regem
1339 1555 1451 1589 adivit.

914 1610 946 1641 4.
971 1608 1100 1650 Egenus
1124 1610 1158 1642 in
1179 1610 1321 1642 induviis

1018 1656 1121 1689 Deum
1147 1657 1315 1690 benedixit

973 1703 1085 1736 Cordis
1111 1704 1145 1735 in
1169 1705 1332 1745 tripudiis,

1019 1750 1105 1783 Dum
1129 1751 1198 1783 sine
1222 1752 1296 1784 labe
1321 1753 1412 1787 vixit.

918 1808 948 1840 5.
975 1806 1037 1839 Dei
1061 1810 1236 1847 praecepta
1261 1809 1427 1841 mendicus

1020 1854 1127 1887 Minus
1152 1856 1348 1896 praeterivit,

976 1901 1190 1942 Supernorum
1218 1906 1268 1935 est
1292 1905 1412 1936 amicus

1020 1948 1172 1992 Effectus,
1197 1959 1277 1990 quae
1303 1953 1495 1992 concupivit.

1089 2042 1136 2070 Ad
1155 2043 1343 2072 Benedictus.

904 2110 945 2145 A.
976 2109 1145 2142 Sedentem
1171 2111 1204 2143 in
1230 2112 1373 2144 tenebris

1025 2156 1169 2190 Christus
1194 2159 1397 2201 illuminavit,

977 2204 1037 2243 Qui
1060 2214 1096 2236 se
1120 2206 1225 2239 carnis
1248 2207 1412 2240 illecebris

1024 2254 1203 2294 Parumper
1227 2255 1415 2296 implicavit,

978 2299 1065 2338 Quae
1089 2311 1213 2334 sursum
1234 2306 1317 2344 sunt,
1343 2313 1407 2336 non
1425 2303 1535 2337 infima

1026 2347 1136 2381 Mente
1159 2349 1225 2382 fixa
1249 2353 1411 2396 sectando,
