1653 2567
682 106 920 142 *86-

147 201 186 234 V.
217 199 312 233 Sidus
336 202 431 235 Anna

268 250 398 291 clarum,
425 250 581 292 mirabile,

831 205 868 238 V.
897 206 949 239 Da
972 207 1066 239 terris
1091 207 1249 248 solatium,

902 255 988 294 Quae
1013 255 1109 287 caelis
1136 255 1192 287 das
1216 253 1361 295 gaudium

220 296 314 329 Sidus
339 298 483 337 pandens

265 346 364 377 solem
389 345 540 378 iustitiae.

344 420 390 447 Ad
409 420 587 456 Magnificat-

180 504 186 510 .
219 476 243 508 Ο
269 476 359 518 felix,
384 487 459 510 vere
483 479 611 518 pariens

269 524 396 557 Caelum
420 525 582 567 trinitatis,

221 571 259 603 In
284 581 343 612 quo
371 573 579 613 corporaliter

265 620 351 652 Fons
377 620 554 652 divinitatis

313 666 470 699 Habitare
495 668 606 707 voluit,

219 714 314 745 Anna
337 715 560 757 sacratissima,

267 761 334 793 Nos
357 770 430 793 reos
454 771 474 794 a
496 762 637 802 peccatis

218 807 350 841 Solvens
377 809 437 841 duc
461 810 502 841 ad
526 808 661 849 patriam

267 856 415 889 Summae
441 856 604 889 claritatis.

289 950 347 982 Ad
374 951 637 983 Matutinum.

350 1025 566 1053 Invitatorium.

218 1072 256 1103 1n
281 1072 405 1105 Christo
430 1072 563 1105 mirifico

266 1120 353 1161 Rege
376 1121 556 1160 gloriemur,

218 1167 256 1199 In
278 1168 391 1199 Annae
414 1166 540 1201 vivifico

266 1215 386 1247 Fructu
410 1215 627 1247 iucundemur.

286 1314 330 1346 In
357 1313 388 1345 1.
414 1314 643 1347 Nocturno.

367 1387 562 1424 Antiphonae.

190 1463 196 1470 .
221 1436 388 1468 Elevatam
412 1445 509 1478 super
534 1438 645 1477 caena,

269 1484 450 1516 sollemnem
474 1484 507 1515 in
532 1484 642 1524 gloria,

221 1532 356 1571 Annam,
384 1533 526 1563 vocatam
550 1531 694 1572 gratiam,

268 1578 448 1611 invocemus
473 1587 531 1618 pro
556 1579 668 1620 gratia.

188 1663 194 1669 .
224 1635 312 1667 Caeli
336 1632 397 1666 Dei
421 1636 554 1676 gloriam

267 1684 400 1715 narrant
423 1683 656 1723 laetabundam,

222 1730 327 1770 Signis
354 1730 427 1762 dum
453 1733 593 1762 sanctam
617 1731 742 1763 Annam

266 1777 456 1817 praedicant
480 1776 657 1810 fecundam.

188 1860 195 1867 .
221 1834 426 1867 Innocentem
447 1834 592 1866 manibus

269 1882 383 1914 Annae
406 1881 523 1914 mundo
550 1882 647 1914 corde

220 1929 286 1961 Dat
309 1928 442 1961 Mariam
470 1928 634 1969 Dominus,

268 1979 305 2008 ut
327 1977 460 2009 mundet
479 1985 538 2008 nos
564 1986 582 2009 a
607 1977 712 2009 sorde.

362 2051 570 2087 Responsoria.

189 2126 195 2133 .
222 2099 303 2142 Ave,
328 2100 423 2132 radix

269 2147 356 2179 Iesse
377 2147 567 2188 gratissima,

222 2195 326 2236 Anna,
352 2194 475 2227 Mariae

268 2246 370 2275 mater
394 2243 604 2283 sanctissima,

222 2289 289 2322 Nos
315 2290 450 2335 vivifica,

222 2337 305 2370 Nam
332 2338 371 2371 de
394 2341 427 2370 te
450 2339 601 2378 nascitur,

221 2386 272 2418 De
296 2395 358 2427 qua
382 2387 448 2419 vita
472 2387 583 2420 oritur.

900 302 963 334 Per
986 302 1122 335 Mariam
1149 305 1181 334 et
1202 303 1317 342 Iesum,

900 349 980 382 Eius
1002 349 1114 385 filium.

867 440 875 448 .
901 414 993 448 Felix
1017 418 1114 456 terra,

949 472 1029 503 quae
1054 465 1174 496 caelum
1199 462 1316 506 genuit,

902 510 960 543 Cui
985 519 1020 543 se
1044 513 1109 544 tota

948 559 1074 590 trinitas
1098 558 1250 601 incubuit,

900 605 938 637 In
964 615 1024 646 quo
1049 605 1135 638 Deus

948 653 1106 685 hominem
1129 653 1243 693 induit,

947 700 1031 732 Dum
1056 702 1124 740 pati
1148 701 1255 734 voluit.

859 771 866 778 .
899 747 951 779 Ex
975 748 1035 780 hoc
1059 749 1145 780 caelo

947 796 1046 827 micat
1069 804 1142 835 spes
1167 794 1303 834 virtutis,

901 841 994 875 Dona
1017 840 1120 874 fluunt
1143 843 1265 882 gratiae

949 892 982 921 et
1004 898 1100 922 verae
1121 890 1244 922 salutis.

870 980 878 986 .
903 956 990 988 Arca
1015 956 1125 996 surgit,

949 1011 1029 1043 quae
1053 1012 1165 1036 urnam
1190 1002 1333 1043 suscipit,

902 1050 940 1082 In
963 1059 1025 1090 qua
1049 1059 1157 1082 verum

947 1106 1063 1130 manna
1087 1107 1122 1129 se
1147 1098 1299 1140 condidit,

900 1144 989 1183 Quod
1012 1153 1047 1176 se
1070 1145 1161 1177 nobis

951 1201 990 1224 ex
1015 1200 1051 1224 ea
1075 1192 1232 1235 praebuit,

950 1241 1057 1273 Vitam
1082 1241 1237 1280 restituit3

864 1312 872 1321 .
902 1288 961 1319 Pia
985 1290 1098 1328 mater,

952 1343 1021 1367 cum
1046 1335 1100 1374 pia
1123 1333 1191 1367 filia

901 1383 967 1414 Isto
992 1391 1108 1414 manna

946 1438 1003 1461 nos
1029 1429 1140 1470 dignos
1166 1438 1334 1469 praepara..

967 1581 1013 1613 111
1038 1582 1069 1614 2.
1095 1581 1325 1613 Nocturno.

1045 1659 1242 1697 Antiphonae.

872 1753 879 1760 .
906 1729 1087 1768 Speciosum
1113 1738 1192 1769 prae
1216 1729 1300 1770 filiis,

951 1777 1056 1809 Iesum
1079 1776 1141 1808 Dei
1164 1775 1274 1818 filium,

904 1823 1020 1856 Natum
1046 1824 1172 1857 Mariae
1195 1825 1339 1866 virginis,

952 1871 1065 1904 Annae
1089 1873 1207 1904 scimus
1233 1874 1426 1913 nepotulum.

871 1963 878 1970 .
905 1936 1072 1970 Laetificat

953 1985 1090 2026 impetus
1115 1985 1253 2020 fluminis

905 2032 1071 2065 Civitatem

953 2082 1084 2122 superni
1107 2082 1234 2115 luminis

908 2126 1063 2162 Gloriosis

953 2177 1068 2209 Annae
1094 2187 1133 2210 ex
1156 2179 1291 2212 meritis.

874 2268 881 2278 .
907 2243 1003 2277 Anna
1024 2248 1140 2278 vocata
1163 2247 1276 2288 gratia,

908 2291 972 2324 Vas
997 2292 1126 2333 plenum
1152 2294 1284 2335 gignens
1301 2297 1415 2338 gratia,

908 2340 971 2372 Per
995 2341 1083 2373 cuius
1108 2342 1337 2376 abundantiam

911 2387 999 2421 Caeli
1024 2388 1168 2423 fmamur
1189 2392 1302 2432 gloria.
