1653 2567
673 126 932 161 -131—

586 218 635 251 46.
665 219 710 251 De
730 218 840 251 sancta
861 219 1013 251 Barbara.

281 285 388 319 1111.
415 286 634 328 Vesperis.

352 361 553 397 Antiphonae.

153 420 183 452 1.
210 419 398 452 Exaltemus
423 420 458 452 in
483 423 575 454 suavi

258 469 320 501 Cor
346 470 378 499 et
401 471 541 501 mentem
567 471 703 513 cithara,

206 516 253 549 Ut
277 518 438 557 gustemus
464 517 568 550 mellis
592 517 661 551 favi

253 563 445 595 Torrentem
471 573 542 597 cum
567 565 722 599 Barbara.

146 623 178 654 2.
205 621 294 660 Quae
319 630 417 654 carne
443 620 600 665 [quidem]
627 624 758 665 steriliS,

252 668 317 701 Sed
342 673 450 701 mente
474 668 624 711 fecunda,

204 717 302 757 Virgo
326 719 359 749 et
379 720 484 750 mater
505 717 622 751 fertilis

251 764 408 797 Laetatur
432 765 583 801 iucunda.

144 824 175 857 3.
202 822 288 855 Dum
313 822 346 855 in
372 823 454 855 turri
478 822 639 856 habitavit

250 871 333 902 Arte
357 870 525 913 custodita,

199 918 312 952 Virtus
336 918 428 959 pacis
454 919 633 951 abundavit

247 966 288 1000 1n
312 970 421 998 mente
441 968 574 1000 munita.

140 1027 172 1058 4.
200 1023 337 1056 Domum
363 1024 438 1057 dum
464 1023 615 1057 aedificat

249 1072 347 1104 Pater
374 1071 440 1104 eius
466 1081 591 1113 vanam,

200 1119 390 1152 Fenestram
416 1120 611 1160 multiplicat

247 1167 294 1201 Ob
320 1167 418 1200 fidem
445 1167 670 1203 Christianam.

141 1228 173 1260 5.
200 1226 224 1259 O
251 1225 325 1257 nive
352 1225 531 1265 candidior,

201 1273 361 1314 Crystallo
386 1272 535 1313 nobilior,

194 1320 279 1362 Agni
303 1321 378 1353 lana
403 1323 437 1352 tu
463 1321 602 1360 vestiris,

200 1371 313 1410 Aquae
338 1368 426 1400 fluxu
452 1371 486 1400 tu
512 1368 646 1415 fulciris,

198 1417 281 1451 Dum
308 1415 366 1450 flat
389 1417 511 1449 Auster
536 1418 653 1451 verior.

321 1511 368 1540 Ad
386 1511 568 1549 Magnificat.

126 1582 165 1614 A.
197 1582 303 1614 Adest
329 1581 399 1613 dies
423 1589 560 1620 magnae
585 1579 702 1619 laudis,

199 1631 238 1663 In
263 1638 327 1669 qua
349 1628 441 1669 virgo
467 1637 586 1667 expers
611 1626 737 1661 fraudis

196 1675 387 1718 Magnifieat
414 1676 596 1717 Dominum,

196 1727 283 1759 Dum
309 1725 507 1757 exultantem
532 1723 680 1765 spiritum

198 1773 327 1807 Potenti
356 1781 429 1805 cum
452 1772 588 1806 victoria

198 1822 327 1857 Christo
352 1821 465 1853 reddit
488 1821 643 1854 Barbara.

196 1871 268 1914 Eia,
295 1869 361 1911 pia,
390 1870 432 1902 da
456 1872 587 1912 gustare

244 1918 367 1951 Christi
392 1917 498 1950 cibum
523 1917 649 1950 miseris

197 1967 262 2000 Hic
285 1967 320 1999 in
344 1968 397 1999 via
422 1969 455 1997 et
479 1967 584 1999 ditare

242 2016 472 2056 Paupertatem
497 2015 614 2055 inopis.

266 2141 328 2174 Ad
353 2139 623 2175 Matutinum,

332 2216 552 2245 1nvitatorium.

197 2286 324 2319 Christo
350 2285 421 2325 regi
447 2284 644 2317 exsultantes

244 2334 415 2368 iubilemus
441 2333 570 2375 iugiter,

196 2384 341 2424 Sponsae
366 2382 428 2414 Dei
452 2380 653 2418 famulemur,

244 2433 281 2463 ut
305 2438 473 2471 regnemus
499 2427 694 2470 perenniter.

958 289 1004 321 In
1031 288 1319 323 1.Noetu1·no.

1038 363 1235 400 Antiphonae.

842 423 873 455 1.
902 422 1000 454 Paulo
1025 423 1128 454 minus
1154 423 1193 455 ab
1219 423 1341 463 angelis

947 469 1089 509 Sponsus
1114 479 1264 511 sponsam
1290 471 1413 510 minuit,

898 516 983 549 Dum
1008 517 1132 550 caelebs
1158 518 1238 550 haec
1262 518 1397 550 celebris

946 563 1057 598 Carnis
1082 566 1153 598 iura
1179 565 1283 600 diluit.

839 634 871 665 2.
898 632 928 664 A
953 640 1074 664 summo
1102 632 1189 664 caelo
1217 633 1345 665 deitatis

831 1590 862 1621 2.

944 679 992 714 Ut
1013 679 1157 712 columba
1179 680 1338 722 graditur,

895 729 1031 761 Ramum
1056 730 1188 768 portans
1215 728 1372 761 castitatis

941 776 980 808 In
1005 775 1111 815 ipsum
1136 777 1321 808 revertitur.

894 842 1068 883 speculare
1092 842 1167 876 Sion
1192 845 1342 881 montem,

941 889 1081 923 Uberem
1108 890 1241 933 deliciis,

893 937 1022 970 Manum
1049 938 1178 970 scandit
1201 946 1260 978 per
1284 939 1440 970 insontem

938 985 984 1017 Et
1010 986 1115 1017 cordis
1140 986 1318 1018 munditiis.

1030 1080 1242 1116 Responsoria.

857 1163 863 1168 .
892 1136 1027 1169 Sublimi
1052 1139 1085 1169 in
1111 1138 1228 1170 solario

941 1185 1038 1226 Virgo
1066 1185 1212 1217 residens
1237 1185 1384 1218 Barbara

893 1233 969 1266 Cum
999 1233 1149 1265 virtutum
1175 1234 1277 1275 vario,

936 1281 976 1313 In
1002 1283 1107 1313 mente
1132 1282 1276 1321 virginea

892 1329 937 1362 Ut
966 1329 1097 1361 caelesti
1121 1329 1262 1361 sacrario

939 1377 1035 1417 Capit
1061 1377 1170 1409 divina
1196 1377 1413 1412 contubernia.

891 1424 960 1457 Viri
984 1425 1110 1458 thorum
1138 1425 1276 1466 despicit

892 1472 1000 1513 Virgo,
1028 1482 1109 1513 quae
1134 1474 1265 1505 chorum
1292 1474 1449 1513 conspicit

939 1521 1051 1553 Mente
1076 1522 1274 1562 angelorum.

889 1588 1003 1629 Aquae
1031 1588 1125 1620 vivae
1148 1588 1297 1628 rivulum,

891 1637 1126 1670 Charismatum
1151 1636 1305 1668 diluvium

938 1684 980 1717 Se
1003 1685 1056 1716 hic
1082 1685 1251 1727 expressit,

889 1733 964 1765 Vim
989 1733 1151 1765 salubrem
1177 1732 1339 1773 languidis

887 1780 973 1813 Dum
998 1779 1081 1813 fonti
1106 1781 1310 1821 baptismatis

938 1829 995 1861 Sui
1019 1830 1194 1870 impressit.

885 1877 973 1910 Fons
1000 1877 1142 1919 signatus
1167 1886 1368 1919 permanens,

887 1927 1011 1960 Hortus
1038 1926 1174 1964 clausum,
1199 1925 1372 1965 proferens

936 1974 1086 2007 Paradisi
1112 1972 1262 2008 fructum.

889 2040 913 2074 O
944 2039 1088 2073 fenestra
1111 2041 1189 2073 trini
1214 2041 1286 2082 Dei,

888 2089 988 2128 Quam
1010 2089 1188 2129 pertransit
1212 2089 1267 2121 lux
1294 2088 1370 2127 diei,

935 2136 998 2177 En,
1024 2138 1094 2177 ipse
1120 2145 1179 2177 per
1204 2139 1236 2168 te
1260 2137 1420 2177 prospicit

984 2187 1023 2218 In
1048 2187 1212 2217 ternarum
1238 2188 1410 2226 structura,

888 2232 1057 2266 Trinitatis
1085 2233 1172 2265 cuius
1198 2234 1368 2275 vestigium

986 2281 1122 2321 Quaevis
1147 2281 1231 2321 gerit
1257 2286 1414 2323 creatura,

886 2329 952 2362 Sed
977 2332 1012 2361 tu
1037 2329 1235 2370 signaculum
1258 2330 1321 2363 Dei

886 2377 933 2410 Es
959 2377 1188 2419 similitudinis,

888 2426 1023 2459 Plenum
1050 2426 1166 2460 decore
1189 2428 1328 2462 luminis.

1233 2482 1276 2514 9*
