<?xml version="1.0" encoding="UTF-8"?>
<!DOCTYPE html PUBLIC "-//W3C//DTD XHTML 1.0 Transitional//EN"
    "http://www.w3.org/TR/xhtml1/DTD/xhtml1-transitional.dtd">
<html xmlns="http://www.w3.org/1999/xhtml" xml:lang="en" lang="en">
 <head>
  <title>
</title>
<meta http-equiv="Content-Type" content="text/html;charset=utf-8" />
  <meta name='ocr-system' content='tesseract 3.04.00' />
  <meta name='ocr-capabilities' content='ocr_page ocr_carea ocr_par ocr_line ocrx_word'/>
</head>
<body>
  <div class='ocr_page' id='page_1' title='image "./analectahymnica25drevuoft_00230.png"; bbox 0 0 1653 2567; ppageno 0'>
   <div class='ocr_carea' id='block_1_1' title="bbox 387 211 596 247">
    <p class='ocr_par' dir='ltr' id='par_1_1' title="bbox 387 211 596 247">
     <span class='ocr_line' id='line_1_1' title="bbox 387 211 596 247; baseline 0 -8"><span class='ocrx_word' id='word_1_1' title='bbox 387 211 596 247; x_wconf 86' lang='lat' dir='ltr'>Responsoria.</span> 
     </span>
    </p>
   </div>
   <div class='ocr_carea' id='block_1_2' title="bbox 163 269 674 638">
    <p class='ocr_par' dir='ltr' id='par_1_2' title="bbox 163 269 674 638">
     <span class='ocr_line' id='line_1_2' title="bbox 178 269 611 303; baseline -0.002 -1"><span class='ocrx_word' id='word_1_2' title='bbox 178 270 207 303; x_wconf 90' lang='lat'>1.</span> <span class='ocrx_word' id='word_1_3' title='bbox 236 269 385 301; x_wconf 86' lang='lat' dir='ltr'>Gloriosa</span> <span class='ocrx_word' id='word_1_4' title='bbox 410 269 611 302; x_wconf 83' lang='lat' dir='ltr'>celebrantes</span> 
     </span>
     <span class='ocr_line' id='line_1_3' title="bbox 284 317 656 356; baseline 0 -8"><span class='ocrx_word' id='word_1_5' title='bbox 284 320 462 356; x_wconf 81' lang='lat' dir='ltr'>martyrum</span> <span class='ocrx_word' id='word_1_6' title='bbox 488 317 656 349; x_wconf 80' lang='lat' dir='ltr'>sollemnia</span> 
     </span>
     <span class='ocr_line' id='line_1_4' title="bbox 237 364 666 405; baseline -0.002 -8"><span class='ocrx_word' id='word_1_7' title='bbox 237 364 371 397; x_wconf 79' lang='lat' dir='ltr'>cosmae</span> <span class='ocrx_word' id='word_1_8' title='bbox 396 368 492 405; x_wconf 86' lang='lat' dir='ltr'>atque</span> <span class='ocrx_word' id='word_1_9' title='bbox 515 364 666 397; x_wconf 84' lang='lat' dir='ltr'>Damiani</span> 
     </span>
     <span class='ocr_line' id='line_1_5' title="bbox 285 412 616 455; baseline -0.003 -11"><span class='ocrx_word' id='word_1_10' title='bbox 285 413 465 444; x_wconf 85' lang='lat' dir='ltr'>recolamus</span> <span class='ocrx_word' id='word_1_11' title='bbox 491 412 616 455; x_wconf 84' lang='lat' dir='ltr'>merita,</span> 
     </span>
     <span class='ocr_line' id='line_1_6' title="bbox 236 460 640 500; baseline -0.002 -8"><span class='ocrx_word' id='word_1_12' title='bbox 236 460 358 500; x_wconf 78' lang='lat' dir='ltr'>Quibus</span> <span class='ocrx_word' id='word_1_13' title='bbox 384 469 481 493; x_wconf 80' lang='lat' dir='ltr'>carne</span> <span class='ocrx_word' id='word_1_14' title='bbox 504 460 640 492; x_wconf 80' lang='lat' dir='ltr'>resoluti</span> 
     </span>
     <span class='ocr_line' id='line_1_7' title="bbox 283 508 611 548; baseline -0.003 -8"><span class='ocrx_word' id='word_1_15' title='bbox 283 508 446 548; x_wconf 83' lang='lat' dir='ltr'>petierunt</span> <span class='ocrx_word' id='word_1_16' title='bbox 470 509 611 548; x_wconf 76' lang='lat' dir='ltr'>aethera,</span> 
     </span>
     <span class='ocr_line' id='line_1_8' title="bbox 163 555 674 597; baseline -0.004 -8"><span class='ocrx_word' id='word_1_17' title='bbox 163 557 206 590; x_wconf 89' lang='lat' dir='ltr'>V.</span> <span class='ocrx_word' id='word_1_18' title='bbox 239 555 395 597; x_wconf 83' lang='lat' dir='ltr'>Angelica</span> <span class='ocrx_word' id='word_1_19' title='bbox 420 564 545 597; x_wconf 82' lang='lat' dir='ltr'>quoque</span> <span class='ocrx_word' id='word_1_20' title='bbox 569 555 674 596; x_wconf 79' lang='lat' dir='ltr'>saepti</span> 
     </span>
     <span class='ocr_line' id='line_1_9' title="bbox 285 603 625 638; baseline -0.006 -2"><span class='ocrx_word' id='word_1_21' title='bbox 285 607 394 636; x_wconf 86' lang='lat' dir='ltr'>turma</span> <span class='ocrx_word' id='word_1_22' title='bbox 416 603 625 638; x_wconf 83' lang='lat' dir='ltr'>lucidissima,</span> 
     </span>
    </p>
   </div>
   <div class='ocr_carea' id='block_1_3' title="bbox 166 670 669 949">
    <p class='ocr_par' dir='ltr' id='par_1_3' title="bbox 166 670 669 949">
     <span class='ocr_line' id='line_1_10' title="bbox 178 670 616 705; baseline -0.009 0"><span class='ocrx_word' id='word_1_23' title='bbox 178 674 212 705; x_wconf 83' lang='lat'>2.</span> <span class='ocrx_word' id='word_1_24' title='bbox 237 671 284 704; x_wconf 86' lang='lat' dir='ltr'>Hi</span> <span class='ocrx_word' id='word_1_25' title='bbox 309 670 510 703; x_wconf 83' lang='lat' dir='ltr'>medicinalis</span> <span class='ocrx_word' id='word_1_26' title='bbox 535 670 616 701; x_wconf 84' lang='lat' dir='ltr'>artis</span> 
     </span>
     <span class='ocr_line' id='line_1_11' title="bbox 287 717 571 759; baseline -0.011 -8"><span class='ocrx_word' id='word_1_27' title='bbox 287 718 385 759; x_wconf 90' lang='lat' dir='ltr'>periti</span> <span class='ocrx_word' id='word_1_28' title='bbox 409 717 571 750; x_wconf 89' lang='lat' dir='ltr'>industria</span> 
     </span>
     <span class='ocr_line' id='line_1_12' title="bbox 240 765 668 805; baseline -0.009 -6"><span class='ocrx_word' id='word_1_29' title='bbox 240 765 432 799; x_wconf 78' lang='lat' dir='ltr'>Hominibus</span> <span class='ocrx_word' id='word_1_30' title='bbox 455 765 668 805; x_wconf 84' lang='lat' dir='ltr'>iumentisque</span> 
     </span>
     <span class='ocr_line' id='line_1_13' title="bbox 290 811 614 855; baseline -0.009 -9"><span class='ocrx_word' id='word_1_31' title='bbox 290 813 410 847; x_wconf 89' lang='lat' dir='ltr'>dabant</span> <span class='ocrx_word' id='word_1_32' title='bbox 434 811 614 855; x_wconf 83' lang='lat' dir='ltr'>refrigeria,</span> 
     </span>
     <span class='ocr_line' id='line_1_14' title="bbox 166 859 669 901; baseline -0.01 -6"><span class='ocrx_word' id='word_1_33' title='bbox 166 863 205 896; x_wconf 89' lang='lat' dir='ltr'>V.</span> <span class='ocrx_word' id='word_1_34' title='bbox 237 862 404 895; x_wconf 88' lang='lat' dir='ltr'>Imitantes</span> <span class='ocrx_word' id='word_1_35' title='bbox 430 860 559 901; x_wconf 85' lang='lat' dir='ltr'>quidem</span> <span class='ocrx_word' id='word_1_36' title='bbox 584 859 669 900; x_wconf 86' lang='lat' dir='ltr'>regis</span> 
     </span>
     <span class='ocr_line' id='line_1_15' title="bbox 287 907 581 949; baseline -0.014 -7"><span class='ocrx_word' id='word_1_37' title='bbox 287 909 410 942; x_wconf 87' lang='lat' dir='ltr'>aeterni</span> <span class='ocrx_word' id='word_1_38' title='bbox 435 907 581 949; x_wconf 77' lang='lat' dir='ltr'>vestigia.</span> 
     </span>
    </p>
   </div>
   <div class='ocr_carea' id='block_1_4' title="bbox 168 974 749 1255">
    <p class='ocr_par' dir='ltr' id='par_1_4' title="bbox 168 974 749 1255">
     <span class='ocr_line' id='line_1_16' title="bbox 184 974 706 1016; baseline -0.01 -6"><span class='ocrx_word' id='word_1_39' title='bbox 184 978 216 1012; x_wconf 81' lang='lat'>3.</span> <span class='ocrx_word' id='word_1_40' title='bbox 243 976 387 1016; x_wconf 83' lang='lat' dir='ltr'>Cumque</span> <span class='ocrx_word' id='word_1_41' title='bbox 410 975 515 1007; x_wconf 81' lang='lat' dir='ltr'>sancti</span> <span class='ocrx_word' id='word_1_42' title='bbox 538 974 706 1006; x_wconf 76' lang='lat' dir='ltr'>memorati</span> 
     </span>
     <span class='ocr_line' id='line_1_17' title="bbox 290 1021 657 1063; baseline -0.008 -7"><span class='ocrx_word' id='word_1_43' title='bbox 290 1023 452 1063; x_wconf 86' lang='lat' dir='ltr'>pollerent</span> <span class='ocrx_word' id='word_1_44' title='bbox 475 1021 657 1059; x_wconf 87' lang='lat' dir='ltr'>virtutibus,</span> 
     </span>
     <span class='ocr_line' id='line_1_18' title="bbox 242 1069 712 1110; baseline -0.006 -7"><span class='ocrx_word' id='word_1_45' title='bbox 242 1072 325 1103; x_wconf 86' lang='lat' dir='ltr'>Toto</span> <span class='ocrx_word' id='word_1_46' title='bbox 352 1071 450 1103; x_wconf 91' lang='lat' dir='ltr'>corde</span> <span class='ocrx_word' id='word_1_47' title='bbox 474 1069 712 1110; x_wconf 78' lang='lat' dir='ltr'>praeoptabant</span> 
     </span>
     <span class='ocr_line' id='line_1_19' title="bbox 291 1117 669 1159; baseline -0.008 -9"><span class='ocrx_word' id='word_1_48' title='bbox 291 1118 438 1159; x_wconf 85' lang='lat' dir='ltr'>coniungi</span> <span class='ocrx_word' id='word_1_49' title='bbox 463 1117 669 1156; x_wconf 83' lang='lat' dir='ltr'>martyribus,</span> 
     </span>
     <span class='ocr_line' id='line_1_20' title="bbox 168 1163 749 1200; baseline -0.009 0"><span class='ocrx_word' id='word_1_50' title='bbox 168 1167 206 1200; x_wconf 89' lang='lat' dir='ltr'>V.</span> <span class='ocrx_word' id='word_1_51' title='bbox 241 1166 286 1199; x_wconf 93' lang='lat' dir='ltr'>Ut</span> <span class='ocrx_word' id='word_1_52' title='bbox 311 1175 382 1198; x_wconf 89' lang='lat' dir='ltr'>cum</span> <span class='ocrx_word' id='word_1_53' title='bbox 409 1165 537 1199; x_wconf 88' lang='lat' dir='ltr'>Christo</span> <span class='ocrx_word' id='word_1_54' title='bbox 563 1163 749 1197; x_wconf 82' lang='lat' dir='ltr'>fruerentur</span> 
     </span>
     <span class='ocr_line' id='line_1_21' title="bbox 292 1211 647 1255; baseline 0 -10"><span class='ocrx_word' id='word_1_55' title='bbox 292 1213 418 1255; x_wconf 85' lang='lat' dir='ltr'>gaudiis</span> <span class='ocrx_word' id='word_1_56' title='bbox 446 1211 647 1245; x_wconf 68' lang='lat' dir='ltr'>caelestibus</span> 
     </span>
    </p>
   </div>
   <div class='ocr_carea' id='block_1_5' title="bbox 305 1336 671 1371">
    <p class='ocr_par' dir='ltr' id='par_1_5' title="bbox 305 1336 671 1371">
     <span class='ocr_line' id='line_1_22' title="bbox 305 1336 671 1371; baseline -0.005 0"><span class='ocrx_word' id='word_1_57' title='bbox 305 1339 351 1371; x_wconf 91' lang='lat' dir='ltr'>In</span> <span class='ocrx_word' id='word_1_58' title='bbox 378 1339 410 1371; x_wconf 84' lang='lat'>2.</span> <span class='ocrx_word' id='word_1_59' title='bbox 437 1336 671 1369; x_wconf 84' lang='lat' dir='ltr'>Nocturno.</span> 
     </span>
    </p>
   </div>
   <div class='ocr_carea' id='block_1_6' title="bbox 392 1412 590 1448">
    <p class='ocr_par' dir='ltr' id='par_1_6' title="bbox 392 1412 590 1448">
     <span class='ocr_line' id='line_1_23' title="bbox 392 1412 590 1448; baseline -0.005 -8"><span class='ocrx_word' id='word_1_60' title='bbox 392 1412 590 1448; x_wconf 79' lang='lat' dir='ltr'>Antiphonae.</span> 
     </span>
    </p>
   </div>
   <div class='ocr_carea' id='block_1_7' title="bbox 189 1469 734 1655">
    <p class='ocr_par' dir='ltr' id='par_1_7' title="bbox 189 1469 734 1655">
     <span class='ocr_line' id='line_1_24' title="bbox 189 1469 687 1512; baseline -0.008 -7"><span class='ocrx_word' id='word_1_61' title='bbox 189 1473 219 1507; x_wconf 86' lang='lat'>1.</span> <span class='ocrx_word' id='word_1_62' title='bbox 248 1472 386 1512; x_wconf 83' lang='lat' dir='ltr'>Vigebat</span> <span class='ocrx_word' id='word_1_63' title='bbox 410 1471 538 1511; x_wconf 88' lang='lat' dir='ltr'>quidem</span> <span class='ocrx_word' id='word_1_64' title='bbox 562 1470 596 1501; x_wconf 91' lang='lat' dir='ltr'>in</span> <span class='ocrx_word' id='word_1_65' title='bbox 620 1469 687 1503; x_wconf 89' lang='lat' dir='ltr'>illis</span> 
     </span>
     <span class='ocr_line' id='line_1_25' title="bbox 295 1518 646 1559; baseline -0.006 -8"><span class='ocrx_word' id='word_1_66' title='bbox 295 1520 397 1551; x_wconf 88' lang='lat' dir='ltr'>virtus</span> <span class='ocrx_word' id='word_1_67' title='bbox 422 1518 646 1559; x_wconf 85' lang='lat' dir='ltr'>parsimoniae,</span> 
     </span>
     <span class='ocr_line' id='line_1_26' title="bbox 245 1563 734 1608; baseline -0.008 -7"><span class='ocrx_word' id='word_1_68' title='bbox 245 1566 395 1608; x_wconf 78' lang='lat' dir='ltr'>Quamvis</span> <span class='ocrx_word' id='word_1_69' title='bbox 421 1565 527 1598; x_wconf 89' lang='lat' dir='ltr'>adhuc</span> <span class='ocrx_word' id='word_1_70' title='bbox 551 1563 734 1598; x_wconf 84' lang='lat' dir='ltr'>fruerentur</span> 
     </span>
     <span class='ocr_line' id='line_1_27' title="bbox 297 1614 582 1655; baseline -0.004 -8"><span class='ocrx_word' id='word_1_71' title='bbox 297 1614 389 1647; x_wconf 89' lang='lat' dir='ltr'>annis</span> <span class='ocrx_word' id='word_1_72' title='bbox 414 1614 582 1655; x_wconf 86' lang='lat' dir='ltr'>pueritiae.</span> 
     </span>
    </p>
   </div>
   <div class='ocr_carea' id='block_1_8' title="bbox 188 1680 723 1867">
    <p class='ocr_par' dir='ltr' id='par_1_8' title="bbox 188 1680 723 1867">
     <span class='ocr_line' id='line_1_28' title="bbox 188 1680 723 1716; baseline -0.006 -1"><span class='ocrx_word' id='word_1_73' title='bbox 188 1685 219 1716; x_wconf 83' lang='lat'>2.</span> <span class='ocrx_word' id='word_1_74' title='bbox 247 1682 526 1714; x_wconf 82' lang='lat' dir='ltr'>Transcendentes</span> <span class='ocrx_word' id='word_1_75' title='bbox 551 1681 637 1713; x_wconf 88' lang='lat' dir='ltr'>servi</span> <span class='ocrx_word' id='word_1_76' title='bbox 662 1680 723 1712; x_wconf 91' lang='lat' dir='ltr'>Dei</span> 
     </span>
     <span class='ocr_line' id='line_1_29' title="bbox 294 1729 528 1770; baseline -0.004 -8"><span class='ocrx_word' id='word_1_77' title='bbox 294 1730 365 1762; x_wconf 85' lang='lat' dir='ltr'>iura</span> <span class='ocrx_word' id='word_1_78' title='bbox 389 1729 528 1770; x_wconf 85' lang='lat' dir='ltr'>puerilia</span> 
     </span>
     <span class='ocr_line' id='line_1_30' title="bbox 247 1776 692 1819; baseline -0.004 -9"><span class='ocrx_word' id='word_1_79' title='bbox 247 1778 328 1811; x_wconf 90' lang='lat' dir='ltr'>Toto</span> <span class='ocrx_word' id='word_1_80' title='bbox 356 1778 453 1810; x_wconf 89' lang='lat' dir='ltr'>corde</span> <span class='ocrx_word' id='word_1_81' title='bbox 477 1776 692 1819; x_wconf 86' lang='lat' dir='ltr'>sequebantur</span> 
     </span>
     <span class='ocr_line' id='line_1_31' title="bbox 295 1826 614 1867; baseline -0.006 -8"><span class='ocrx_word' id='word_1_82' title='bbox 295 1826 477 1859; x_wconf 79' lang='lat' dir='ltr'>sanctitatis</span> <span class='ocrx_word' id='word_1_83' title='bbox 505 1833 614 1867; x_wconf 86' lang='lat' dir='ltr'>opera.</span> 
     </span>
    </p>
   </div>
   <div class='ocr_carea' id='block_1_9' title="bbox 187 1891 712 2076">
    <p class='ocr_par' dir='ltr' id='par_1_9' title="bbox 187 1891 694 1984">
     <span class='ocr_line' id='line_1_32' title="bbox 187 1891 694 1933; baseline -0.012 -5"><span class='ocrx_word' id='word_1_84' title='bbox 187 1896 218 1928; x_wconf 85' lang='lat'>3.</span> <span class='ocrx_word' id='word_1_85' title='bbox 245 1894 350 1927; x_wconf 83' lang='lat' dir='ltr'>Erant</span> <span class='ocrx_word' id='word_1_86' title='bbox 374 1900 512 1933; x_wconf 86' lang='lat' dir='ltr'>namque</span> <span class='ocrx_word' id='word_1_87' title='bbox 537 1891 694 1924; x_wconf 83' lang='lat' dir='ltr'>castitatis</span> 
     </span>
     <span class='ocr_line' id='line_1_33' title="bbox 296 1940 656 1984; baseline -0.008 -9"><span class='ocrx_word' id='word_1_88' title='bbox 296 1942 456 1984; x_wconf 84' lang='lat' dir='ltr'>pollentes</span> <span class='ocrx_word' id='word_1_89' title='bbox 481 1940 656 1973; x_wconf 86' lang='lat' dir='ltr'>virtutibus</span> 
     </span>
    </p>

    <p class='ocr_par' dir='ltr' id='par_1_10' title="bbox 245 1989 691 2031">
     <span class='ocr_line' id='line_1_34' title="bbox 245 1989 691 2031; baseline -0.011 -7"><span class='ocrx_word' id='word_1_90' title='bbox 245 1992 451 2031; x_wconf 86' lang='lat' dir='ltr'>Veracesque</span> <span class='ocrx_word' id='word_1_91' title='bbox 475 1989 508 2020; x_wconf 93' lang='lat' dir='ltr'>in</span> <span class='ocrx_word' id='word_1_92' title='bbox 533 1996 691 2028; x_wconf 87' lang='lat' dir='ltr'>sermone,</span> 
     </span>
    </p>

    <p class='ocr_par' dir='ltr' id='par_1_11' title="bbox 295 2036 712 2076">
     <span class='ocr_line' id='line_1_35' title="bbox 295 2036 712 2076; baseline -0.012 -4"><span class='ocrx_word' id='word_1_93' title='bbox 295 2038 388 2072; x_wconf 86' lang='lat' dir='ltr'>bonis</span> <span class='ocrx_word' id='word_1_94' title='bbox 413 2037 533 2076; x_wconf 85' lang='lat' dir='ltr'>compti</span> <span class='ocrx_word' id='word_1_95' title='bbox 557 2036 712 2071; x_wconf 87' lang='lat' dir='ltr'>moribus.</span> 
     </span>
    </p>
   </div>
   <div class='ocr_carea' id='block_1_10' title="bbox 386 2113 597 2150">
    <p class='ocr_par' dir='ltr' id='par_1_12' title="bbox 386 2113 597 2150">
     <span class='ocr_line' id='line_1_36' title="bbox 386 2113 597 2150; baseline -0.009 -8"><span class='ocrx_word' id='word_1_96' title='bbox 386 2113 597 2150; x_wconf 82' lang='lat' dir='ltr'>Responsoria.</span> 
     </span>
    </p>
   </div>
   <div class='ocr_carea' id='block_1_11' title="bbox 178 2169 712 2449">
    <p class='ocr_par' dir='ltr' id='par_1_13' title="bbox 190 2169 693 2263">
     <span class='ocr_line' id='line_1_37' title="bbox 190 2169 693 2209; baseline -0.014 0"><span class='ocrx_word' id='word_1_97' title='bbox 190 2177 219 2209; x_wconf 91' lang='lat'>1.</span> <span class='ocrx_word' id='word_1_98' title='bbox 245 2174 381 2207; x_wconf 86' lang='lat' dir='ltr'>Sanctos</span> <span class='ocrx_word' id='word_1_99' title='bbox 409 2172 470 2205; x_wconf 87' lang='lat' dir='ltr'>Dei</span> <span class='ocrx_word' id='word_1_100' title='bbox 497 2169 693 2204; x_wconf 86' lang='lat' dir='ltr'>cohortando</span> 
     </span>
     <span class='ocr_line' id='line_1_38' title="bbox 296 2220 613 2263; baseline -0.009 -9"><span class='ocrx_word' id='word_1_101' title='bbox 296 2221 413 2263; x_wconf 81' lang='lat' dir='ltr'>Lysias</span> <span class='ocrx_word' id='word_1_102' title='bbox 437 2220 613 2260; x_wconf 83' lang='lat' dir='ltr'>sacrilegus</span> 
     </span>
    </p>

    <p class='ocr_par' dir='ltr' id='par_1_14' title="bbox 248 2269 712 2351">
     <span class='ocr_line' id='line_1_39' title="bbox 248 2269 712 2314; baseline -0.011 -11"><span class='ocrx_word' id='word_1_103' title='bbox 248 2270 352 2314; x_wconf 86' lang='lat' dir='ltr'>Iubet,</span> <span class='ocrx_word' id='word_1_104' title='bbox 380 2272 416 2301; x_wconf 91' lang='lat' dir='ltr'>ut</span> <span class='ocrx_word' id='word_1_105' title='bbox 441 2269 532 2303; x_wconf 87' lang='lat' dir='ltr'>vanis</span> <span class='ocrx_word' id='word_1_106' title='bbox 556 2269 712 2308; x_wconf 87' lang='lat' dir='ltr'>parerent</span> 
     </span>
     <span class='ocr_line' id='line_1_40' title="bbox 297 2316 622 2351; baseline -0.009 -1"><span class='ocrx_word' id='word_1_107' title='bbox 297 2318 458 2351; x_wconf 89' lang='lat' dir='ltr'>idolorum</span> <span class='ocrx_word' id='word_1_108' title='bbox 485 2316 622 2349; x_wconf 87' lang='lat' dir='ltr'>cultibus</span> 
     </span>
    </p>

    <p class='ocr_par' dir='ltr' id='par_1_15' title="bbox 178 2363 698 2449">
     <span class='ocr_line' id='line_1_41' title="bbox 178 2363 698 2407; baseline -0.01 -6"><span class='ocrx_word' id='word_1_109' title='bbox 178 2368 218 2403; x_wconf 89' lang='lat' dir='ltr'>V.</span> <span class='ocrx_word' id='word_1_110' title='bbox 248 2366 447 2407; x_wconf 84' lang='lat' dir='ltr'>Relictisque</span> <span class='ocrx_word' id='word_1_111' title='bbox 472 2364 588 2402; x_wconf 83' lang='lat' dir='ltr'>sumnu&#39;</span> <span class='ocrx_word' id='word_1_112' title='bbox 613 2363 698 2405; x_wconf 79' lang='lat' dir='ltr'>regis</span> 
     </span>
     <span class='ocr_line' id='line_1_42' title="bbox 298 2413 613 2449; baseline -0.006 -3"><span class='ocrx_word' id='word_1_113' title='bbox 298 2413 400 2447; x_wconf 88' lang='lat' dir='ltr'>sacris</span> <span class='ocrx_word' id='word_1_114' title='bbox 426 2413 613 2449; x_wconf 87' lang='lat' dir='ltr'>visionibus.</span> 
     </span>
    </p>
   </div>
   <div class='ocr_carea' id='block_1_12' title="bbox 789 115 953 151">
    <p class='ocr_par' dir='ltr' id='par_1_16' title="bbox 789 115 953 151">
     <span class='ocr_line' id='line_1_43' title="bbox 789 115 953 151; baseline -0.012 0"><span class='ocrx_word' id='word_1_115' title='bbox 789 115 858 151; x_wconf 82' lang='grc'>227</span> <span class='ocrx_word' id='word_1_116' title='bbox 910 134 953 140; x_wconf 72' lang='lat'>—</span> 
     </span>
    </p>
   </div>
   <div class='ocr_carea' id='block_1_13' title="bbox 868 215 900 246">
    <p class='ocr_par' dir='ltr' id='par_1_17' title="bbox 868 215 900 246">
     <span class='ocr_line' id='line_1_44' title="bbox 868 215 900 246; baseline 0 0"><span class='ocrx_word' id='word_1_117' title='bbox 868 215 900 246; x_wconf 84' lang='lat'>2.</span> 
     </span>
    </p>
   </div>
   <div class='ocr_carea' id='block_1_14' title="bbox 927 208 1442 491">
    <p class='ocr_par' dir='ltr' id='par_1_18' title="bbox 927 208 1442 300">
     <span class='ocr_line' id='line_1_45' title="bbox 927 208 1442 247; baseline -0.012 -1"><span class='ocrx_word' id='word_1_118' title='bbox 927 213 1171 247; x_wconf 82' lang='lat' dir='ltr'>Contemnentes</span> <span class='ocrx_word' id='word_1_119' title='bbox 1197 210 1299 242; x_wconf 84' lang='lat' dir='ltr'>sancti</span> <span class='ocrx_word' id='word_1_120' title='bbox 1325 208 1442 242; x_wconf 70' lang='lat' dir='ltr'>fiatrcs</span> 
     </span>
     <span class='ocr_line' id='line_1_46' title="bbox 974 257 1337 300; baseline -0.014 -7"><span class='ocrx_word' id='word_1_121' title='bbox 974 259 1134 300; x_wconf 82' lang='lat' dir='ltr'>praesidis</span> <span class='ocrx_word' id='word_1_122' title='bbox 1157 257 1337 298; x_wconf 78' lang='lat' dir='ltr'>imperium,</span> 
     </span>
    </p>

    <p class='ocr_par' dir='ltr' id='par_1_19' title="bbox 928 306 1311 396">
     <span class='ocr_line' id='line_1_47' title="bbox 928 306 1311 348; baseline -0.01 -8"><span class='ocrx_word' id='word_1_123' title='bbox 928 308 1039 341; x_wconf 87' lang='lat' dir='ltr'>Firma</span> <span class='ocrx_word' id='word_1_124' title='bbox 1061 309 1155 348; x_wconf 85' lang='lat' dir='ltr'>petra</span> <span class='ocrx_word' id='word_1_125' title='bbox 1179 306 1311 338; x_wconf 81' lang='lat' dir='ltr'>solidati</span> 
     </span>
     <span class='ocr_line' id='line_1_48' title="bbox 976 354 1308 396; baseline -0.009 -9"><span class='ocrx_word' id='word_1_126' title='bbox 976 357 1132 396; x_wconf 83' lang='lat' dir='ltr'>superant</span> <span class='ocrx_word' id='word_1_127' title='bbox 1154 354 1308 394; x_wconf 85' lang='lat' dir='ltr'>eculeum,</span> 
     </span>
    </p>

    <p class='ocr_par' dir='ltr' id='par_1_20' title="bbox 932 401 1368 491">
     <span class='ocr_line' id='line_1_49' title="bbox 932 401 1345 444; baseline -0.012 -7"><span class='ocrx_word' id='word_1_128' title='bbox 932 403 1012 437; x_wconf 87' lang='lat' dir='ltr'>Inde</span> <span class='ocrx_word' id='word_1_129' title='bbox 1037 404 1144 444; x_wconf 84' lang='lat' dir='ltr'>grates</span> <span class='ocrx_word' id='word_1_130' title='bbox 1170 401 1238 434; x_wconf 87' lang='lat' dir='ltr'>Deo</span> <span class='ocrx_word' id='word_1_131' title='bbox 1264 401 1345 432; x_wconf 89' lang='lat' dir='ltr'>caeli</span> 
     </span>
     <span class='ocr_line' id='line_1_50' title="bbox 976 447 1368 491; baseline -0.005 -8"><span class='ocrx_word' id='word_1_132' title='bbox 976 460 1059 491; x_wconf 88' lang='lat' dir='ltr'>pura</span> <span class='ocrx_word' id='word_1_133' title='bbox 1082 451 1189 482; x_wconf 88' lang='lat' dir='ltr'>mente</span> <span class='ocrx_word' id='word_1_134' title='bbox 1213 447 1368 481; x_wconf 82' lang='lat' dir='ltr'>referunt.</span> 
     </span>
    </p>
   </div>
   <div class='ocr_carea' id='block_1_15' title="bbox 897 506 1251 547">
    <p class='ocr_par' dir='ltr' id='par_1_21' title="bbox 897 506 1251 547">
     <span class='ocr_line' id='line_1_51' title="bbox 897 506 1251 547; baseline -0.008 -7"><span class='ocrx_word' id='word_1_135' title='bbox 897 532 905 539; x_wconf 91' lang='lat'><em>.</em></span> <span class='ocrx_word' id='word_1_136' title='bbox 932 507 1138 547; x_wconf 84' lang='lat' dir='ltr'>Exsuperant</span> <span class='ocrx_word' id='word_1_137' title='bbox 1161 506 1251 546; x_wconf 85' lang='lat' dir='ltr'>ignes</span> 
     </span>
    </p>
   </div>
   <div class='ocr_carea' id='block_1_16' title="bbox 929 553 1487 785">
    <p class='ocr_par' dir='ltr' id='par_1_22' title="bbox 929 553 1477 641">
     <span class='ocr_line' id='line_1_52' title="bbox 977 553 1477 596; baseline -0.004 -10"><span class='ocrx_word' id='word_1_138' title='bbox 977 554 1081 586; x_wconf 83' lang='lat' dir='ltr'>sancti</span> <span class='ocrx_word' id='word_1_139' title='bbox 1104 553 1310 594; x_wconf 82' lang='lat' dir='ltr'>flammasque</span> <span class='ocrx_word' id='word_1_140' title='bbox 1334 561 1477 596; x_wconf 75' lang='lat' dir='ltr'>voraces,</span> 
     </span>
     <span class='ocr_line' id='line_1_53' title="bbox 929 602 1271 641; baseline -0.003 -6"><span class='ocrx_word' id='word_1_141' title='bbox 929 602 1084 635; x_wconf 86' lang='lat' dir='ltr'>Praeside</span> <span class='ocrx_word' id='word_1_142' title='bbox 1109 604 1271 641; x_wconf 89' lang='lat' dir='ltr'>prostrato</span> 
     </span>
    </p>

    <p class='ocr_par' dir='ltr' id='par_1_23' title="bbox 930 648 1487 737">
     <span class='ocr_line' id='line_1_54' title="bbox 976 648 1487 690; baseline -0.006 -9"><span class='ocrx_word' id='word_1_143' title='bbox 976 650 1032 690; x_wconf 90' lang='lat' dir='ltr'>pia</span> <span class='ocrx_word' id='word_1_144' title='bbox 1050 649 1128 682; x_wconf 89' lang='lat' dir='ltr'>dant</span> <span class='ocrx_word' id='word_1_145' title='bbox 1142 649 1331 682; x_wconf 89' lang='lat' dir='ltr'>iubilamina</span> <span class='ocrx_word' id='word_1_146' title='bbox 1349 648 1487 685; x_wconf 85' lang='lat' dir='ltr'>Christo,</span> 
     </span>
     <span class='ocr_line' id='line_1_55' title="bbox 930 694 1310 737; baseline -0.005 -7"><span class='ocrx_word' id='word_1_147' title='bbox 930 697 984 730; x_wconf 87' lang='lat' dir='ltr'>Sic</span> <span class='ocrx_word' id='word_1_148' title='bbox 1009 705 1132 737; x_wconf 82' lang='lat' dir='ltr'>quoque</span> <span class='ocrx_word' id='word_1_149' title='bbox 1157 694 1310 729; x_wconf 87' lang='lat' dir='ltr'>falsorum</span> 
     </span>
    </p>

    <p class='ocr_par' dir='ltr' id='par_1_24' title="bbox 977 744 1485 785">
     <span class='ocr_line' id='line_1_56' title="bbox 977 744 1485 785; baseline -0.006 -9"><span class='ocrx_word' id='word_1_150' title='bbox 977 747 1133 785; x_wconf 86' lang='lat' dir='ltr'>spernunt</span> <span class='ocrx_word' id='word_1_151' title='bbox 1152 744 1323 777; x_wconf 86' lang='lat' dir='ltr'>simulacra</span> <span class='ocrx_word' id='word_1_152' title='bbox 1341 744 1485 776; x_wconf 86' lang='lat' dir='ltr'>deorum.</span> 
     </span>
    </p>
   </div>
   <div class='ocr_carea' id='block_1_17' title="bbox 995 858 1361 892">
    <p class='ocr_par' dir='ltr' id='par_1_25' title="bbox 995 858 1361 892">
     <span class='ocr_line' id='line_1_57' title="bbox 995 858 1361 892; baseline 0.003 -1"><span class='ocrx_word' id='word_1_153' title='bbox 995 859 1043 891; x_wconf 91' lang='lat' dir='ltr'>In</span> <span class='ocrx_word' id='word_1_154' title='bbox 1071 859 1101 891; x_wconf 89' lang='lat'>3.</span> <span class='ocrx_word' id='word_1_155' title='bbox 1128 858 1186 890; x_wconf 86' lang='lat' dir='ltr'>No</span> <span class='ocrx_word' id='word_1_156' title='bbox 1199 861 1361 892; x_wconf 86' lang='lat' dir='ltr'>cturn0.</span> 
     </span>
    </p>
   </div>
   <div class='ocr_carea' id='block_1_18' title="bbox 1077 932 1274 969">
    <p class='ocr_par' dir='ltr' id='par_1_26' title="bbox 1077 932 1274 969">
     <span class='ocr_line' id='line_1_58' title="bbox 1077 932 1274 969; baseline -0.005 -9"><span class='ocrx_word' id='word_1_157' title='bbox 1077 932 1274 969; x_wconf 85' lang='lat' dir='ltr'>Antiphonae.</span> 
     </span>
    </p>
   </div>
   <div class='ocr_carea' id='block_1_19' title="bbox 899 990 1326 1031">
    <p class='ocr_par' dir='ltr' id='par_1_27' title="bbox 899 990 1326 1031">
     <span class='ocr_line' id='line_1_59' title="bbox 899 990 1326 1031; baseline -0.009 -6"><span class='ocrx_word' id='word_1_158' title='bbox 899 1018 906 1025; x_wconf 96' lang='lat'>.</span> <span class='ocrx_word' id='word_1_159' title='bbox 933 990 1090 1023; x_wconf 83' lang='lat' dir='ltr'>Sistentes</span> <span class='ocrx_word' id='word_1_160' title='bbox 1117 998 1191 1031; x_wconf 84' lang='lat' dir='ltr'>ergo</span> <span class='ocrx_word' id='word_1_161' title='bbox 1218 990 1326 1023; x_wconf 83' lang='lat' dir='ltr'>devoti</span> 
     </span>
    </p>
   </div>
   <div class='ocr_carea' id='block_1_20' title="bbox 933 1036 1389 1165">
    <p class='ocr_par' dir='ltr' id='par_1_28' title="bbox 933 1036 1389 1165">
     <span class='ocr_line' id='line_1_60' title="bbox 984 1036 1243 1070; baseline -0.008 0"><span class='ocrx_word' id='word_1_162' title='bbox 984 1037 1102 1070; x_wconf 85' lang='lat' dir='ltr'>divinis</span> <span class='ocrx_word' id='word_1_163' title='bbox 1128 1036 1243 1070; x_wconf 86' lang='lat' dir='ltr'>officiis</span> 
     </span>
     <span class='ocr_line' id='line_1_61' title="bbox 933 1083 1389 1119; baseline -0.007 -1"><span class='ocrx_word' id='word_1_164' title='bbox 933 1086 1043 1119; x_wconf 80' lang='lat' dir='ltr'>Sancti</span> <span class='ocrx_word' id='word_1_165' title='bbox 1063 1083 1184 1117; x_wconf 81' lang='lat' dir='ltr'>fratres</span> <span class='ocrx_word' id='word_1_166' title='bbox 1209 1093 1244 1116; x_wconf 88' lang='lat' dir='ltr'>sc</span> <span class='ocrx_word' id='word_1_167' title='bbox 1267 1084 1389 1117; x_wconf 78' lang='lat' dir='ltr'>intimis</span> 
     </span>
     <span class='ocr_line' id='line_1_62' title="bbox 982 1132 1320 1165; baseline 0 0"><span class='ocrx_word' id='word_1_168' title='bbox 982 1132 1154 1165; x_wconf 86' lang='lat' dir='ltr'>domabant</span> <span class='ocrx_word' id='word_1_169' title='bbox 1182 1132 1320 1165; x_wconf 87' lang='lat' dir='ltr'>ieiuniis.</span> 
     </span>
    </p>
   </div>
   <div class='ocr_carea' id='block_1_21' title="bbox 900 1189 1368 1228">
    <p class='ocr_par' dir='ltr' id='par_1_29' title="bbox 900 1189 1368 1228">
     <span class='ocr_line' id='line_1_63' title="bbox 900 1189 1368 1228; baseline -0.004 -6"><span class='ocrx_word' id='word_1_170' title='bbox 900 1215 907 1222; x_wconf 96' lang='lat'>.</span> <span class='ocrx_word' id='word_1_171' title='bbox 933 1189 1052 1222; x_wconf 76' lang='lat' dir='ltr'>Gaudii</span> <span class='ocrx_word' id='word_1_172' title='bbox 1075 1190 1164 1222; x_wconf 80' lang='lat' dir='ltr'>vitae</span> <span class='ocrx_word' id='word_1_173' title='bbox 1186 1189 1368 1228; x_wconf 78' lang='lat' dir='ltr'>praesentis</span> 
     </span>
    </p>
   </div>
   <div class='ocr_carea' id='block_1_22' title="bbox 935 1237 1406 1372">
    <p class='ocr_par' dir='ltr' id='par_1_30' title="bbox 935 1237 1406 1372">
     <span class='ocr_line' id='line_1_64' title="bbox 983 1237 1263 1269; baseline 0.004 -1"><span class='ocrx_word' id='word_1_174' title='bbox 983 1237 1105 1269; x_wconf 88' lang='lat' dir='ltr'>calcata</span> <span class='ocrx_word' id='word_1_175' title='bbox 1128 1237 1263 1269; x_wconf 81' lang='lat' dir='ltr'>lascivia</span> 
     </span>
     <span class='ocr_line' id='line_1_65' title="bbox 935 1282 1406 1324; baseline -0.006 -7"><span class='ocrx_word' id='word_1_176' title='bbox 935 1284 1114 1318; x_wconf 78' lang='lat' dir='ltr'>Gestabant</span> <span class='ocrx_word' id='word_1_177' title='bbox 1137 1293 1234 1324; x_wconf 88' lang='lat' dir='ltr'>super</span> <span class='ocrx_word' id='word_1_178' title='bbox 1259 1282 1406 1316; x_wconf 82' lang='lat' dir='ltr'>adflictos</span> 
     </span>
     <span class='ocr_line' id='line_1_66' title="bbox 983 1332 1273 1372; baseline -0.003 -7"><span class='ocrx_word' id='word_1_179' title='bbox 983 1332 1113 1372; x_wconf 85' lang='lat' dir='ltr'>pietatis</span> <span class='ocrx_word' id='word_1_180' title='bbox 1139 1333 1273 1365; x_wconf 83' lang='lat' dir='ltr'>viscera.</span> 
     </span>
    </p>
   </div>
   <div class='ocr_carea' id='block_1_23' title="bbox 904 1388 1308 1430">
    <p class='ocr_par' dir='ltr' id='par_1_31' title="bbox 904 1388 1308 1430">
     <span class='ocr_line' id='line_1_67' title="bbox 904 1388 1308 1430; baseline -0.005 -7"><span class='ocrx_word' id='word_1_181' title='bbox 904 1416 911 1423; x_wconf 94' lang='lat'>.</span> <span class='ocrx_word' id='word_1_182' title='bbox 938 1390 1104 1430; x_wconf 84' lang='lat' dir='ltr'>Supernae</span> <span class='ocrx_word' id='word_1_183' title='bbox 1127 1388 1308 1429; x_wconf 82' lang='lat' dir='ltr'>largitionis</span> 
     </span>
    </p>
   </div>
   <div class='ocr_carea' id='block_1_24' title="bbox 936 1434 1341 1565">
    <p class='ocr_par' dir='ltr' id='par_1_32' title="bbox 936 1434 1341 1565">
     <span class='ocr_line' id='line_1_68' title="bbox 984 1434 1322 1477; baseline -0.003 -9"><span class='ocrx_word' id='word_1_184' title='bbox 984 1437 1049 1469; x_wconf 88' lang='lat' dir='ltr'>iam</span> <span class='ocrx_word' id='word_1_185' title='bbox 1073 1434 1187 1477; x_wconf 83' lang='lat' dir='ltr'>repleti</span> <span class='ocrx_word' id='word_1_186' title='bbox 1217 1436 1322 1476; x_wconf 85' lang='lat' dir='ltr'>gratia</span> 
     </span>
     <span class='ocr_line' id='line_1_69' title="bbox 936 1483 1341 1518; baseline -0.007 -1"><span class='ocrx_word' id='word_1_187' title='bbox 936 1484 1183 1518; x_wconf 88' lang='lat' dir='ltr'>Distribuebant</span> <span class='ocrx_word' id='word_1_188' title='bbox 1205 1483 1341 1517; x_wconf 86' lang='lat' dir='ltr'>infirmis</span> 
     </span>
     <span class='ocr_line' id='line_1_70' title="bbox 986 1530 1277 1565; baseline 0.003 -1"><span class='ocrx_word' id='word_1_189' title='bbox 986 1533 1088 1564; x_wconf 86' lang='lat' dir='ltr'>multa</span> <span class='ocrx_word' id='word_1_190' title='bbox 1111 1530 1277 1565; x_wconf 85' lang='lat' dir='ltr'>beneficia.</span> 
     </span>
    </p>
   </div>
   <div class='ocr_carea' id='block_1_25' title="bbox 1074 1609 1284 1645">
    <p class='ocr_par' dir='ltr' id='par_1_33' title="bbox 1074 1609 1284 1645">
     <span class='ocr_line' id='line_1_71' title="bbox 1074 1609 1284 1645; baseline -0.01 -9"><span class='ocrx_word' id='word_1_191' title='bbox 1074 1609 1284 1645; x_wconf 68' lang='lat' dir='ltr'>Responsofia.</span> 
     </span>
    </p>
   </div>
   <div class='ocr_carea' id='block_1_26' title="bbox 905 1668 1306 1707">
    <p class='ocr_par' dir='ltr' id='par_1_34' title="bbox 905 1668 1306 1707">
     <span class='ocr_line' id='line_1_72' title="bbox 905 1668 1306 1707; baseline -0.012 -5"><span class='ocrx_word' id='word_1_192' title='bbox 905 1695 912 1702; x_wconf 94' lang='lat'><strong>.</strong></span> <span class='ocrx_word' id='word_1_193' title='bbox 939 1668 977 1700; x_wconf 90' lang='lat' dir='ltr'>In</span> <span class='ocrx_word' id='word_1_194' title='bbox 1004 1675 1094 1699; x_wconf 88' lang='lat' dir='ltr'>mare</span> <span class='ocrx_word' id='word_1_195' title='bbox 1118 1669 1306 1707; x_wconf 86' lang='lat' dir='ltr'>merguntur</span> 
     </span>
    </p>
   </div>
   <div class='ocr_carea' id='block_1_27' title="bbox 937 1713 1499 1949">
    <p class='ocr_par' dir='ltr' id='par_1_35' title="bbox 939 1713 1499 1804">
     <span class='ocr_line' id='line_1_73' title="bbox 987 1713 1499 1754; baseline -0.008 -6"><span class='ocrx_word' id='word_1_196' title='bbox 987 1715 1118 1748; x_wconf 79' lang='lat' dir='ltr'>cosmas</span> <span class='ocrx_word' id='word_1_197' title='bbox 1144 1723 1236 1747; x_wconf 84' lang='lat' dir='ltr'>sacer</span> <span class='ocrx_word' id='word_1_198' title='bbox 1261 1716 1293 1746; x_wconf 83' lang='lat' dir='ltr'>et</span> <span class='ocrx_word' id='word_1_199' title='bbox 1309 1713 1499 1754; x_wconf 83' lang='lat' dir='ltr'>Damianus,</span> 
     </span>
     <span class='ocr_line' id='line_1_74' title="bbox 939 1763 1277 1804; baseline 0 -9"><span class='ocrx_word' id='word_1_200' title='bbox 939 1763 1104 1804; x_wconf 87' lang='lat' dir='ltr'>Angelicis</span> <span class='ocrx_word' id='word_1_201' title='bbox 1130 1763 1277 1796; x_wconf 86' lang='lat' dir='ltr'>manibus</span> 
     </span>
    </p>

    <p class='ocr_par' dir='ltr' id='par_1_36' title="bbox 937 1810 1470 1892">
     <span class='ocr_line' id='line_1_75' title="bbox 987 1810 1470 1852; baseline -0.004 -9"><span class='ocrx_word' id='word_1_202' title='bbox 987 1812 1164 1852; x_wconf 83' lang='lat' dir='ltr'>gaudentes</span> <span class='ocrx_word' id='word_1_203' title='bbox 1184 1811 1263 1843; x_wconf 81' lang='lat' dir='ltr'>inde</span> <span class='ocrx_word' id='word_1_204' title='bbox 1285 1810 1470 1852; x_wconf 78' lang='lat' dir='ltr'>trahuntur,</span> 
     </span>
     <span class='ocr_line' id='line_1_76' title="bbox 937 1858 1328 1892; baseline -0.005 0"><span class='ocrx_word' id='word_1_205' title='bbox 937 1859 1025 1892; x_wconf 86' lang='lat' dir='ltr'>Hinc</span> <span class='ocrx_word' id='word_1_206' title='bbox 1049 1858 1196 1892; x_wconf 87' lang='lat' dir='ltr'>referunt</span> <span class='ocrx_word' id='word_1_207' title='bbox 1216 1858 1328 1891; x_wconf 86' lang='lat' dir='ltr'>laudes</span> 
     </span>
    </p>

    <p class='ocr_par' dir='ltr' id='par_1_37' title="bbox 986 1905 1414 1949">
     <span class='ocr_line' id='line_1_77' title="bbox 986 1905 1414 1949; baseline -0.002 -10"><span class='ocrx_word' id='word_1_208' title='bbox 986 1909 1055 1949; x_wconf 80' lang='lat' dir='ltr'>regi</span> <span class='ocrx_word' id='word_1_209' title='bbox 1081 1908 1209 1941; x_wconf 79' lang='lat' dir='ltr'>Christo</span> <span class='ocrx_word' id='word_1_210' title='bbox 1230 1905 1414 1939; x_wconf 84' lang='lat' dir='ltr'>iubilanteS.</span> 
     </span>
    </p>
   </div>
   <div class='ocr_carea' id='block_1_28' title="bbox 939 1964 1499 2342">
    <p class='ocr_par' dir='ltr' id='par_1_38' title="bbox 939 1964 1499 2342">
     <span class='ocr_line' id='line_1_78' title="bbox 939 1964 1247 1998; baseline -0.003 -1"><span class='ocrx_word' id='word_1_211' title='bbox 939 1965 1093 1998; x_wconf 82' lang='lat' dir='ltr'>Athletae</span> <span class='ocrx_word' id='word_1_212' title='bbox 1116 1964 1247 1997; x_wconf 88' lang='lat' dir='ltr'>Domini</span> 
     </span>
     <span class='ocr_line' id='line_1_79' title="bbox 991 2009 1499 2055; baseline -0.008 -10"><span class='ocrx_word' id='word_1_213' title='bbox 991 2014 1105 2054; x_wconf 87' lang='lat' dir='ltr'>crucis,</span> <span class='ocrx_word' id='word_1_214' title='bbox 1133 2022 1183 2055; x_wconf 87' lang='lat' dir='ltr'>en,</span> <span class='ocrx_word' id='word_1_215' title='bbox 1209 2011 1386 2053; x_wconf 82' lang='lat' dir='ltr'>suspendia</span> <span class='ocrx_word' id='word_1_216' title='bbox 1410 2009 1499 2051; x_wconf 84' lang='lat' dir='ltr'>passi</span> 
     </span>
     <span class='ocr_line' id='line_1_80' title="bbox 939 2061 1281 2102; baseline -0.009 -7"><span class='ocrx_word' id='word_1_217' title='bbox 939 2063 985 2095; x_wconf 81' lang='lat' dir='ltr'>Et</span> <span class='ocrx_word' id='word_1_218' title='bbox 1008 2061 1155 2102; x_wconf 85' lang='lat' dir='ltr'>lapidum</span> <span class='ocrx_word' id='word_1_219' title='bbox 1179 2069 1281 2093; x_wconf 81' lang='lat' dir='ltr'>noxas</span> 
     </span>
     <span class='ocr_line' id='line_1_81' title="bbox 990 2107 1485 2151; baseline -0.008 -9"><span class='ocrx_word' id='word_1_220' title='bbox 990 2111 1197 2142; x_wconf 86' lang='lat' dir='ltr'>contemnunt</span> <span class='ocrx_word' id='word_1_221' title='bbox 1221 2111 1317 2149; x_wconf 85' lang='lat' dir='ltr'>atque</span> <span class='ocrx_word' id='word_1_222' title='bbox 1341 2107 1485 2151; x_wconf 75' lang='lat' dir='ltr'>sagittas,</span> 
     </span>
     <span class='ocr_line' id='line_1_82' title="bbox 943 2155 1276 2191; baseline -0.006 -1"><span class='ocrx_word' id='word_1_223' title='bbox 943 2158 1085 2191; x_wconf 87' lang='lat' dir='ltr'>Vincunt</span> <span class='ocrx_word' id='word_1_224' title='bbox 1110 2155 1276 2189; x_wconf 89' lang='lat' dir='ltr'>carnifices</span> 
     </span>
     <span class='ocr_line' id='line_1_83' title="bbox 989 2204 1474 2246; baseline -0.008 -8"><span class='ocrx_word' id='word_1_225' title='bbox 989 2207 1200 2246; x_wconf 84' lang='lat' dir='ltr'>prosternunt</span> <span class='ocrx_word' id='word_1_226' title='bbox 1223 2207 1319 2245; x_wconf 83' lang='lat' dir='ltr'>atque</span> <span class='ocrx_word' id='word_1_227' title='bbox 1344 2204 1474 2235; x_wconf 85' lang='lat' dir='ltr'>lictores</span> 
     </span>
     <span class='ocr_line' id='line_1_84' title="bbox 941 2253 1300 2287; baseline -0.008 0"><span class='ocrx_word' id='word_1_228' title='bbox 941 2255 987 2287; x_wconf 90' lang='lat' dir='ltr'>Et</span> <span class='ocrx_word' id='word_1_229' title='bbox 1011 2253 1153 2287; x_wconf 88' lang='lat' dir='ltr'>reddunt</span> <span class='ocrx_word' id='word_1_230' title='bbox 1178 2253 1300 2285; x_wconf 83' lang='lat' dir='ltr'>animas</span> 
     </span>
     <span class='ocr_line' id='line_1_85' title="bbox 990 2300 1414 2342; baseline -0.002 -8"><span class='ocrx_word' id='word_1_231' title='bbox 990 2302 1064 2334; x_wconf 87' lang='lat' dir='ltr'>Iesu</span> <span class='ocrx_word' id='word_1_232' title='bbox 1091 2301 1220 2334; x_wconf 89' lang='lat' dir='ltr'>Christo</span> <span class='ocrx_word' id='word_1_233' title='bbox 1245 2300 1414 2342; x_wconf 72' lang='lat' dir='ltr'>pretiosas</span> 
     </span>
    </p>
   </div>
   <div class='ocr_carea' id='block_1_29' title="bbox 886 2357 1253 2399">
    <p class='ocr_par' dir='ltr' id='par_1_39' title="bbox 886 2357 1253 2399">
     <span class='ocr_line' id='line_1_86' title="bbox 886 2357 1253 2399; baseline -0.011 -5"><span class='ocrx_word' id='word_1_234' title='bbox 886 2362 918 2394; x_wconf 85' lang='lat'>3.</span> <span class='ocrx_word' id='word_1_235' title='bbox 947 2361 972 2394; x_wconf 94' lang='lat' dir='ltr'>O</span> <span class='ocrx_word' id='word_1_236' title='bbox 997 2359 1116 2392; x_wconf 88' lang='lat' dir='ltr'>medici</span> <span class='ocrx_word' id='word_1_237' title='bbox 1140 2357 1253 2399; x_wconf 84' lang='lat' dir='ltr'>fortes,</span> 
     </span>
    </p>
   </div>
   <div class='ocr_carea' id='block_1_30' title="bbox 994 2406 1398 2492">
    <p class='ocr_par' dir='ltr' id='par_1_40' title="bbox 994 2406 1398 2492">
     <span class='ocr_line' id='line_1_87' title="bbox 994 2406 1398 2449; baseline -0.002 -9"><span class='ocrx_word' id='word_1_238' title='bbox 994 2407 1124 2440; x_wconf 86' lang='lat' dir='ltr'>caelesti</span> <span class='ocrx_word' id='word_1_239' title='bbox 1148 2407 1220 2441; x_wconf 90' lang='lat' dir='ltr'>luce</span> <span class='ocrx_word' id='word_1_240' title='bbox 1244 2406 1398 2449; x_wconf 82' lang='lat' dir='ltr'>fruentes,</span> 
     </span>
     <span class='ocr_line' id='line_1_88' title="bbox 1275 2461 1334 2492; baseline -0.017 0"><span class='ocrx_word' id='word_1_241' title='bbox 1275 2461 1334 2492; x_wconf 80' lang='lat'>15*</span> 
     </span>
    </p>
   </div>
  </div>
 </body>
</html>
