1653 2567
720 110 954 145 -95-

258 207 393 247 Vitulos,
419 217 531 249 capras
556 211 587 239 et
611 217 697 249 oves,

306 255 425 288 Pueros
453 259 483 288 et
508 256 613 288 omnia

259 302 424 335 Devorant
447 304 539 335 simul
565 307 595 334 et
619 304 716 336 boves

307 350 395 383 Intra
420 352 516 384 villae
540 352 674 385 moenia.

220 424 228 431 .
259 397 373 430 Sancto
398 400 505 430 tamen
527 398 705 437 imperante

306 446 404 484 Lupis
429 446 713 486 prosternentibus,

259 492 394 524 Domino
421 496 611 533 cooperante

307 539 412 570 Vitam
438 539 547 572 reddit
570 540 723 572 omnibus,

320 671 366 703 In
393 673 422 704 3.
449 672 675 704 Nocturno.

402 747 596 782 Antiphonae.

226 829 233 836 .
258 803 429 834 Antonium
451 804 668 835 exclamabant

307 850 394 881 Voce
415 860 528 891 magna
553 851 730 890 daemoneS,

259 898 298 929 111
320 898 478 929 saeculum
506 898 558 937 qui
583 898 739 930 vexabant

305 944 384 976 Tam
410 944 507 976 fortes
533 953 625 984 quam
652 946 783 984 debiles,

259 991 426 1022 Dicentes:
455 1001 472 1024 o
498 992 629 1024 eremita

309 1038 409 1070 Valde
438 1037 638 1080 venerabilis,

260 1086 363 1124 Quare
386 1094 442 1117 nos
470 1085 625 1118 comburis
650 1087 696 1118 ita
705 1086 720 1116 ’.Α

308 1133 407 1165 Parce
430 1134 521 1165 nobis
546 1134 680 1166 miseris.

228 1214 234 1221 .
262 1188 329 1228 Via,
358 1197 419 1228 qua
442 1190 695 1229 pertransierunt

306 1235 459 1267 Forentes
484 1238 665 1277 Antonium,

260 1283 404 1314 Mortuos
428 1286 493 1315 tres
518 1283 728 1316 invenerunt·

307 1330 485 1362 Devoratos
510 1331 650 1371 nimium,

261 1375 363 1416 Super
386 1386 462 1416 quos
489 1379 699 1417 deposuerunt

308 1424 455 1456 Sanctum
484 1434 596 1465 corpus
621 1425 794 1465 proprium,

264 1470 357 1503 Unde
382 1472 451 1502 sani
475 1472 656 1504 revixerunt

307 1517 385 1550 Eius
411 1527 470 1558 per
494 1520 653 1554 auxilium.

228 1598 235 1605 .
261 1574 376 1606 Daniel
401 1577 470 1607 arte
493 1576 608 1615 ligatus

307 1622 502 1654 Daemonum
526 1625 558 1654 in
584 1633 710 1655 carcere

262 1669 405 1701 Audiens
430 1670 518 1709 haec,
545 1672 629 1710 quod
655 1672 764 1703 beatus

306 1717 421 1748 Potens
447 1716 549 1750 fertur
574 1727 678 1761 opcrv,

267 1763 370 1795 Currit
397 1764 489 1796 nimis
514 1765 659 1797 anxiatus

308 1812 483 1844 Sanitatem
509 1821 651 1853 poscere,

264 1858 428 1891 Obviando
453 1859 604 1891 liberatus

309 1905 362 1938 Fit
387 1907 427 1938 ab
453 1907 537 1939 omni
561 1908 712 1947 pondere.

399 1991 605 2028 Responsoria.

233 2071 241 2079 .
268 2049 351 2080 Puer
377 2050 505 2089 quidam
531 2050 651 2082 habens
677 2054 811 2093 patrem,

309 2095 421 2128 Effron
447 2099 533 2129 cuius
558 2107 670 2129 nomen
696 2101 752 2140 est,

264 2142 354 2176 Infra
378 2146 468 2185 regni
493 2146 654 2177 civitatem

311 2191 467 2231 Suspendi
495 2194 660 2226 damnatus
686 2196 743 2233 est,

265 2239 341 2271 Cum
368 2243 473 2272 autem
497 2240 583 2274 foras
610 2242 711 2273 exiret

310 2287 431 2319 Ductus
457 2290 499 2321 ad
523 2289 709 2333 patibulum,

264 2334 439 2375 Invocavits
465 2346 505 2368 ne
529 2337 660 2376 periret,

312 2383 461 2418 Sanctum
487 2385 546 2417 Dei
573 2384 735 2424 famulum,

868 207 908 240 V.
940 206 1079 247 Cumque
1102 206 1166 237 iam
1191 202 1447 244 suspenderetur,

868 786 890 816 V
897 810 905 818 .

988 254 1097 286 Sancti
1121 254 1222 293 patris
1248 250 1368 284 meritis

939 303 1021 334 Puer
1045 303 1133 333 vivus
1159 301 1319 332 obtinetur

987 349 1064 382 Cum
1090 348 1214 388 capillis
1241 346 1362 386 capitis.

907 432 914 438 .
940 407 1114 438 Ierusalem
1138 414 1209 436 cum
1232 404 1406 436 intrassent

988 454 1118 486 Praesul
1142 455 1171 483 et
1198 450 1345 489 discipuli

938 501 1059 533 Navem
1085 509 1144 532 nec
1168 509 1228 532 non
1252 499 1478 539 procurassent

985 549 1147 581 Thesauro
1173 550 1236 578 tarn
1262 544 1370 583 nobili,

937 595 1039 635 Super
1062 604 1151 627 marc
1174 592 1320 626 collocati

984 643 1085 675 Recta
1110 642 1259 681 navigant
1283 640 1345 677 via,

937 690 1029 722 Licet
1053 689 1157 722 forent
1180 687 1326 728 occupati

985 737 1088 769 Multa
1112 745 1170 777 per
1196 734 1366 768 contraria.

937 784 1050 817 Gratia
1072 785 1201 816 tandem
1226 782 1343 821 divina,

983 831 1110 863 Meritis
1130 831 1271 871 Antonii,

938 879 989 910 Ad
1015 880 1124 911 urbem
1149 879 1241 918 lapsa
1265 877 1356 909 ruina

983 927 1154 965 Remigant
1179 924 1362 958 Constantii.

905 1008 911 1014 .
936 982 1083 1014 Glorioso
1109 985 1200 1021 patre
1224 982 1291 1013 viso

939 1029 1144 1062 Constantino
1166 1028 1351 1068 praegaviso

983 1076 1034 1108 De
1057 1076 1174 1116 puella,
1201 1075 1351 1116 sequitur,

938 1123 1038 1164 Quod,
1067 1133 1134 1155 cum
1163 1124 1281 1154 catenis
1305 1122 1404 1162 ligata

935 1171 1083 1203 Membra
1106 1173 1253 1210 tangeret
1275 1169 1379 1209 beata,

986 1218 1093 1250 Soluta
1119 1218 1317 1257 relinquitur,

936 1266 965 1296 A
990 1264 1136 1305 malignis
1160 1265 1297 1296 liberata

938 1312 1118 1352 Locumque
1141 1310 1343 1351 perosculata

985 1359 1153 1400 Sapienter
1176 1359 1327 1398 loquitur.

1029 1502 1075 1534 In
1100 1500 1330 1532 Laudibus.

1086 1584 1194 1620 Antiph
1200 1593 1281 1612 onae.

906 1679 912 1686 .
939 1655 1024 1685 Ante
1049 1652 1201 1684 trinitatis
1226 1653 1374 1684 thronum

939 1702 1103 1733 Pastorem
1129 1700 1226 1730 eremi
1251 1700 1364 1731 bonum

989 1748 1133 1780 Christus
1157 1747 1242 1779 hunc
1265 1748 1413 1790 instituit,

943 1795 1037 1828 Cuius
1062 1802 1185 1826 sacrum
1212 1804 1326 1835 corpus
1350 1796 1460 1837 lotum,

940 1844 970 1875 A
995 1842 1115 1874 tumulo
1140 1851 1224 1873 nunc
1248 1845 1385 1874 amotum

987 1888 1163 1930 Theophilo
1190 1890 1314 1922 claruit.

909 1974 915 1980 .
943 1946 1255 1986 Constantinopoliae

988 1995 1075 2026 Tuae
1099 1993 1215 2025 Caesar
1239 1993 1371 2035 profuit,

943 2041 1064 2083 Gaude,
1093 2042 1179 2073 cuius
1204 2041 1290 2074 filiae

989 2089 1106 2122 Salutis
1131 2090 1186 2121 lux
1210 2088 1327 2122 floruit.

909 2173 915 2179 .
942 2147 1132 2179 'Modernam
1156 2147 1371 2179 inventionem

944 2194 1053 2226 Sancti
1077 2194 1180 2235 patris
1206 2196 1245 2227 ad
1272 2196 1424 2227 honorem

991 2242 1193 2275 Sollemniter
1215 2242 1421 2282 celebremus,

943 2291 989 2324 Ut
1024 2300 1082 2330 pro
1108 2290 1199 2322 nobis
1225 2291 1311 2331 apud
1338 2290 1499 2323 Christum

944 2339 1126 2371 Intercedat
1153 2347 1260 2379 regem
1284 2338 1391 2381 istum,

995 2386 1091 2425 Quem
1117 2384 1300 2426 frequenter
1319 2387 1500 2420 adoremus.
