1653 2567
698 133 958 168 —208—

249 235 309 265 Sed
338 233 421 264 victa
446 231 582 264 feliciter

246 282 307 313 Per
332 280 475 311 iuvenem
503 278 706 310 convertitur.

188 339 218 371 3.
244 337 365 369 Ambos
389 334 564 367 inflammat

240 385 349 416 Ardor
374 383 526 419 caritatis,

243 432 279 463 In
305 430 457 462 ambobus
481 430 646 470 permanet

245 478 349 510 Decor
375 478 540 510 castitatis,

379 550 585 587 Responsoria.

211 638 217 644 .
243 611 337 643 Felix
362 609 496 641 societas

245 658 340 691 (jaste
363 665 398 688 se
420 656 600 696 amantium,

243 706 279 738 In
307 704 419 745 quibus
443 703 598 735 castitatis
623 702 690 734 lilio

244 751 389 784 Accessit
410 750 607 790 martyrium.

208 827 215 833 .
245 801 314 832 Tua
331 801 401 830 sunt
421 798 508 836 haec,
532 797 667 833 Christe,
687 803 794 835 opera,

246 847 304 885 Qui
329 854 404 878 vere
429 844 583 877 mirabilis

244 894 290 926 Es
315 893 347 925 in
373 893 491 924 sanctis
516 892 588 924 tuis,

215 977 222 984 .
251 951 373 983 Sudant
398 950 429 981 in
456 957 555 989 agone

247 997 384 1029 Gloriosi
409 1000 575 1036 martyres,

246 1045 287 1076 Et
308 1046 342 1076 ut
359 1044 457 1084 magis
476 1043 585 1075 rutilet
599 1041 796 1080 martyrium,

247 1092 347 1123 Ambo
372 1094 500 1122 manent
523 1089 682 1129 virgines,

209 1165 216 1172 .
250 1138 442 1178 Chrysantus
470 1140 501 1168 et
524 1136 624 1169 Daria

256 1184 409 1217 Patientis
434 1185 520 1224 passi

250 1232 428 1271 Sequuntur
454 1229 595 1270 vestigia.

197 1297 225 1320 ·.
252 1288 338 1320 Pede
362 1290 495 1326 utroque

252 1333 409 1366 Christum
434 1335 617 1373 sequuntur,

254 1381 311 1420 Qui
338 1384 423 1411 caste
448 1380 583 1412 vivendo
609 1378 745 1410 fructum

256 1428 464 1460 Centesimum
490 1429 679 1464 censentun

214 1501 219 1507 .
248 1474 446 1514 Integritatis
472 1478 504 1506 et
528 1473 672 1513 martyrii

255 1522 401 1555 Gloriosa
424 1522 560 1562 insignia

252 1569 440 1601 Nostrorum
465 1572 639 1608 martyrum

251 1616 397 1648 Efferunt
420 1616 599 1657 praeconia.

308 1730 354 1762 In
381 1730 412 1762 3.
439 1730 670 1762 Nocturno.

388 1803 584 1839 Antiphonae.

217 1887 224 1894 .
252 1862 304 1894 Ad
328 1859 424 1892 fidem
449 1862 576 1893 veniunt

258 1909 319 1941 Per
345 1908 556 1949 chrysantum
581 1908 720 1948 iuvenes,

256 1957 318 1988 Per
342 1955 474 1988 Dariam
498 1955 635 1987 feminae

252 2003 512 2037 Innumerabiles,

223 2085 228 2091 .
255 2061 350 2092 Miles
377 2060 494 2093 Christi

260 2107 373 2140 Crudis
399 2108 504 2139 nervis
530 2108 708 2150 stringitur,

255 2155 299 2187 Hi
324 2159 513 2196 rumpuntur

257 2203 320 2235 Sed
346 2203 396 2234 his
424 2212 487 2235 non
511 2203 661 2235 laeditur.

202 2262 233 2293 ¹.
259 2261 351 2300 Aqua
376 2262 502 2302 putens,

256 2307 323 2346 Qua
347 2308 397 2339 vir
419 2307 480 2339 Dei
504 2305 722 2348 perfunditur,

259 2356 297 2387 In
322 2355 451 2386 odorem

258 2402 448 2435 Nectareum
474 2403 680 2437 convertitur.

1065 223 1272 260 Res-pomeria.

869 285 897 317 1.
924 283 1087 316 Praedixit
1103 291 1160 323 per
1175 281 1291 315 lsaiam
1303 279 1476 311 Dominus:

924 330 1093 364 Habitabit
1117 328 1240 361 iuvenis
1259 336 1328 359 cum
1350 326 1481 367 virgine,

924 378 1051 410 Nostris
1076 378 1109 409 in
1135 375 1329 415 martyribus

926 426 1040 458 Elucet
1051 425 1167 457 veritas
1180 424 1272 456 huius
1279 421 1482 463 prophetica-3

885 499 891 506 .
924 473 1012 505 Sicut
1035 473 1150 513 Ioseph
1176 474 1287 504 sancte

924 521 969 552 Et
994 522 1080 551 caste
1106 528 1174 551 cum
1202 518 1317 557 Maria,

925 568 978 599 Sic
1003 567 1162 599 habitavit

927 616 1123 654 Chrysantus
1150 623 1219 646 cum
1247 613 1355 645 Duria.

891 709 897 716 .
925 682 949 714 Ο
977 681 1160 712 veneranda
1186 681 1338 712 dexterae

924 728 1056 762 Excelsi
1081 728 1225 767 mutatio,

927 778 994 817 Qua
1020 776 1123 814 datur,
1151 778 1187 807 ut
1208 774 1255 805 sic
1280 773 1446 805 incitatrix

928 823 1104 857 Idolatriae

930 870 1132 909 Propinatrix

927 917 1077 951 Effi‹·itur
1100 915 1279 958 spiritualis
1306 916 1437 955 gratiae.

889 994 894 1000 .
928 966 1051 1000 Collato
1077 964 1198 997 Duriae
1224 962 1376 994 divinitus

927 1013 1063 1053 Irriguo,
1091 1012 1174 1052 quod
1200 1014 1249 1042 est
1273 1009 1418 1050 inferius,

927 1060 1074 1093 Accessit
1098 1062 1130 1091 et
1153 1058 1309 1099 superius,

895 1154 901 1159 .
928 1126 1018 1158 Haec
1043 1129 1089 1156 est
1116 1134 1192 1156 vera
1217 1122 1362 1165 glorifica

928 1173 1173 1205 Misericordiae

928 1220 1047 1253 Christi
1072 1219 1226 1260 potentia,

930 1268 1017 1306 Quae
1041 1267 1088 1297 sic
1112 1266 1272 1306 nequitiae

933 1314 1062 1353 Antiqui
1085 1314 1187 1346 hostis
1212 1313 1330 1355 obviat,

932 1361 977 1394 Ut
1002 1361 1172 1400 aliquando
1198 1360 1383 1403 Leviathan,

930 1410 1015 1448 Quos
1039 1409 1102 1439 iam
1130 1408 1225 1447 cepit,
1252 1408 1396 1449 amittam

892 1484 899 1490 .
930 1457 992 1488 Per
1018 1455 1229 1496 Chrysantum
1257 1458 1288 1486 et
1312 1454 1443 1486 Dariain

933 1503 1120 1536 Ostenditur
1145 1501 1278 1535 mirifice

933 1550 1072 1583 Armilla
1098 1551 1224 1583 divinae
1247 1550 1422 1589 potentiae.

1021 1693 1068 1724 In
1095 1692 1328 1724 Laudibus.

1076 1776 1273 1812 Antiphonae.

901 1870 907 1877 .
935 1845 971 1876 In
997 1844 1114 1875 luteam
1142 1844 1319 1876 custodiam

937 1892 1133 1930 chrysantus
1158 1893 1283 1923 vinctus
1308 1892 1455 1930 mittitur,

935 1940 971 1971 ln
998 1939 1200 1970 meretricum
1228 1939 1435 1971 contubernio

935 1986 1036 2019 Daria
1060 1986 1190 2026 publice
1214 1986 1355 2027 ponitur.

904 2079 911 2086 .
938 2053 1009 2085 Lux
1035 2055 1066 2084 et
1090 2054 1300 2086 odoramenta

938 2102 1146 2133 Praestantur
1170 2101 1287 2141 iuveni,

939 2150 976 2181 In
1003 2148 1100 2182 robur
1126 2149 1334 2190 protectionis

938 2197 1003 2228 Leo
1028 2196 1166 2228 mittitur
1190 2196 1316 2236 virgini.

905 2289 913 2296 .
940 2262 1126 2295 Laborabat
1149 2263 1319 2295 multitudo

941 2310 1080 2342 Leonem
1106 2318 1232 2352 capere,

943 2358 1006 2391 Sed
1033 2361 1127 2399 capta
1151 2368 1171 2390 a
1194 2360 1286 2391 leone

943 2406 1076 2439 Ponitur
1101 2406 1143 2438 ad
1169 2406 1268 2446 pedes
1293 2406 1424 2441 Dariae.
