1653 2567
675 101 937 136 ——114—

584 196 626 227 41.
655 194 698 227 De
717 194 825 226 sancto
845 192 1025 225 Athanasio.

289 269 333 300 In
362 269 392 300 1.
418 268 527 308 Vesp
539 267 636 300 eris.

362 333 557 370 Antiphonae.

167 382 196 414 1.
225 381 406 414 Sacerdotis

269 429 389 461 aeterni
420 429 544 461 bonitas

222 477 337 509 Matris
362 479 468 508 votum

268 524 300 556 in
326 523 502 555 Athanasio

224 571 277 603 Sic
300 573 456 610 acceptat,

269 622 305 650 ut
328 627 450 649 morum
475 617 603 650 claritas

222 666 359 706 Dignum
385 669 511 705 promat

272 713 356 745 huno
380 712 569 745 sacerdotio.

193 795 199 802 .
226 769 309 801 Dum
336 769 436 808 captis
462 769 501 801 ab
527 768 669 799 hostibus

273 817 338 849 Dat
362 816 621 856 redemptionem,

228 864 369 904 Reparat
393 864 425 895 in
452 862 573 895 civibus

275 911 566 951 Congregationem.

195 992 202 1000 .
229 966 390 1006 Dispersit
414 966 467 997 hic
490 966 682 1006 pauperibus

273 1014 463 1046 Gonstruens
488 1013 729 1051 xenodochium,

229 1060 323 1093 Cuius
349 1060 475 1092 alantur
500 1059 665 1102 fructibus,

273 1107 419 1147 Ipsisque
444 1108 487 1138 sit
508 1106 690 1146 hospitium,

194 1190 200 1197 .
225 1163 346 1195 Sedens
372 1171 442 1194 cum
466 1163 665 1203 principibus

273 1210 393 1242 Solium
418 1210 545 1242 honoris

224 1258 325 1289 Tenet
350 1259 381 1288 et
404 1258 437 1288 in
464 1257 584 1290 civibus

273 1305 442 1338 Vinculum
468 1305 593 1338 amoris.

194 1387 200 1393 .
226 1361 341 1393 Omnes
367 1363 487 1401 gentes,

272 1407 402 1440 laudate
425 1407 606 1449 Dominum,

226 1455 284 1494 Qui
309 1463 455 1488 coronam

276 1503 331 1534 dat
358 1502 543 1541 Athanasio,

226 1550 330 1590 Digne
353 1550 471 1589 gaudet

273 1597 326 1629 hic
351 1600 457 1630 coetus
480 1597 650 1638 hominum,

228 1645 341 1677 Pastor
365 1642 482 1676 fruitur

276 1691 404 1724 caelesti
428 1692 552 1732 gaudio.

345 1756 391 1783 Aa
408 1756 588 1794 Magnificat.

189 1829 195 1837 .
231 1803 449 1845 Magnificavit
473 1806 622 1838 humilem

278 1852 421 1886 Christus
449 1853 552 1894 dignis
576 1854 740 1898 prodigiis,

225 1899 309 1932 Dum
334 1900 463 1932 odorem
488 1900 665 1933 mirabilem

271 1948 351 1980 Eius
379 1948 433 1979 dat
459 1957 496 1980 ex
522 1949 664 1990 reliquiis

226 1995 417 2035 Cunctisque
441 1996 654 2029 venerabilem

272 2041 414 2075 Exhibet
437 2042 609 2076 beneficiis.

297 2137 358 2171 Ad
380 2138 646 2174 Matutinum.

359 2194 572 2224 Invitatorium.

229 2241 379 2274 Caelestis
405 2244 530 2285 collegii

272 2289 391 2330 Regem
415 2292 582 2324 adoremus

227 2336 271 2368 Et
293 2337 327 2369 in
351 2338 519 2371 Athanasii

273 2384 370 2417 Festo
394 2385 570 2420 iubilemus.

962 264 1010 295 In
1036 262 1066 295 1.
1095 260 1325 293 Nocturno.

1039 325 1233 362 Antiphonae.

869 412 876 421 .
903 385 1035 426 Lignum
1061 384 1178 424 virens,
1200 384 1354 424 irriguum

950 433 1087 464 Fluente
1110 431 1337 469 doctrinarum,

905 480 1058 512 Fructum
1084 487 1158 511 vere
1180 477 1354 518 proficuum

950 527 1002 559 Ex
1026 537 1061 559 se
1085 526 1238 566 produxit
1262 525 1391 560 clarum,

870 612 878 619 .
904 584 1058 624 Princeps
1085 583 1192 623 iugum
1215 581 1356 615 abiciens

951 631 1087 663 Frustra
1109 628 1369 670 persequebatur,

905 678 962 711 Cui
989 679 1028 710 dc
1052 687 1176 710 sursum
1199 676 1399 717 prospiciens

951 727 1061 758 Virtus
1088 725 1353 757 committebatur.

870 809 877 817 .
903 783 997 815 Milia
1020 782 1275 822 persequentium

953 830 1115 862 Percussit
1138 838 1194 861 rex
1222 828 1392 869 caelorum,

907 877 1001 910 Hunc
1025 877 1170 910 adiunxit
1194 876 1396 917 perspicuum

953 924 1091 965 Collegio
1117 927 1309 956 sanctorum.

1043 1028 1253 1060 Responsoria.

872 1114 878 1120 .
907 1087 970 1119 Vas
995 1087 1129 1126 insigne,

952 1143 1007 1166 vas
1033 1133 1103 1165 auri
1127 1133 1275 1173 solidum,

905 1181 970 1213 Vas
995 1189 1186 1221 gemmarum

953 1232 1067 1261 ornatu
1091 1226 1257 1271 fulgidum,

906 1276 1035 1309 Cunctis
1062 1275 1145 1307 fudit

954 1323 1114 1355 dulcorem
1141 1323 1300 1366 sapidum,

907 1370 1036 1402 Cunctis
1062 1369 1165 1410 spirat

953 1418 1084 1450 odorem
1108 1417 1289 1457 placidum3

867 1494 873 1500 .
904 1465 988 1506 Vita,
1014 1466 1126 1504 virtus,

954 1513 1108 1552 doctrina,
1135 1512 1217 1544 ratio

904 1560 991 1592 Mire
1014 1560 1160 1601 fragrant

952 1608 986 1639 in
1010 1607 1198 1639 Athanasio.

874 1690 880 1697 .
907 1664 954 1697 Ut
977 1667 1145 1704 parentum

952 1715 1025 1744 voto
1050 1712 1258 1756 promittitur,

907 1758 1030 1792 Scholis
1054 1767 1135 1800 puer

957 1809 989 1838 et
1015 1808 1100 1852 clero
1122 1807 1275 1850 iungitur,

909 1853 1076 1887 Sacerdoti

953 1911 1073 1934 summo
1099 1903 1317 1942 committitur,

909 1949 1004 1982 Cuius
1029 1958 1137 1982 sacros

954 2006 1058 2029 mores
1083 1998 1304 2040 amplectitur3

867 2071 874 2080 .
906 2045 1023 2077 Votum
1048 2045 1173 2078 Christo

954 2096 1079 2133 gratum
1103 2093 1150 2125 sic
1174 2096 1288 2135 patuit,

909 2140 994 2173 Nam
1018 2140 1160 2173 oblatum

957 2189 998 2221 ad
1024 2197 1145 2221 summa
1170 2191 1292 2224 statuit.

873 2272 880 2279 .
906 2245 1072 2278 Levitatus

957 2303 1053 2334 agens
1079 2292 1219 2327 officium

909 2342 1027 2373 Arcem
1053 2342 1140 2383 capit

957 2389 1109 2423 virtutum
1135 2391 1285 2433 omnium,
