1653 2567
728 142 774 146 —
824 122 889 156 211

270 217 374 249 Verus
399 218 494 250 Iosue
521 217 661 257 deducit,

269 265 308 297 In
333 263 521 305 promissam
548 268 666 296 terram
695 265 800 304 ducit3

227 338 235 346 .
267 312 400 344 Terram
425 311 477 342 lac
502 314 535 342 et
557 313 621 343 mel
646 316 828 344 manantem

269 359 387 403 Habes,
415 358 490 391 audi
517 363 549 391 te
574 362 770 399 precantem.

233 441 241 449 .
268 416 374 456 Clara,
401 415 572 448 multarum
599 416 741 457 praevia,

317 464 367 496 De
392 463 534 496 tenebris
560 464 601 496 ad
627 464 730 495 lucem

269 512 332 544 Per
357 512 449 543 huius
477 508 609 555 [mundi]
639 512 733 543 devia

316 560 462 591 Trahens
487 559 530 591 ad
549 559 668 592 Christi
691 568 826 599 crucem,

268 607 437 649 Virginum
464 607 599 649 collegia

317 655 500 695 Sequuntur
526 664 660 695 quarum
687 655 809 695 ducem,

227 730 234 738 ‚
266 703 341 735 Vita
366 703 476 735 vivens
504 703 647 743 angelica

267 752 357 784 Inter
382 760 526 784 sororum
553 752 679 791 agmina

317 799 503 832 Monstrans
532 799 689 830 virtutum
713 799 827 832 lucem.

356 914 401 948 In
426 913 657 947 Laudibus.

415 989 612 1025 Antiphonae.

234 1073 241 1080 .
269 1048 350 1079 Veni
374 1049 408 1080 in
433 1048 560 1080 hortum
585 1057 700 1088 meum,

318 1095 430 1127 Dulcis
455 1094 531 1137 filia,

269 1144 372 1176 Tuum
399 1151 573 1183 agnoscens
600 1143 702 1175 Deum

318 1191 422 1232 Carpe
445 1190 524 1224 lilia.

235 1275 241 1281 .
270 1247 456 1280 Ascendisti
485 1256 524 1279 ac
548 1246 655 1279 fecisti

269 1296 331 1328 Cor
356 1297 502 1336 paratum
529 1295 588 1326 tibi
613 1295 731 1334 datum,

268 1344 315 1375 Te
343 1344 494 1375 dilectum
520 1343 625 1384 audio,

266 1391 341 1423 Sine
371 1400 460 1423 mora
484 1391 588 1424 venio.

234 1473 240 1480 .
268 1450 340 1483 Uno
366 1456 450 1489 pane
477 1448 569 1489 copia

267 1496 377 1528 Pascit
401 1495 521 1529 Christi
545 1494 613 1528 filia

267 1543 388 1576 Multos
412 1543 490 1576 bina
514 1543 661 1583 prandia.

235 1627 243 1634 .
269 1601 474 1643 Paupertatis
497 1600 639 1641 praediis

268 1649 369 1682 Dives
394 1648 582 1690 privilegiis,

267 1698 371 1730 Laeta
395 1696 430 1729 fit
456 1696 586 1729 inediis.

232 1781 240 1788 .
266 1755 397 1788 Laudat
421 1753 523 1787 Deum
552 1753 701 1793 omnium,

264 1803 351 1836 Dum
377 1804 520 1843 praestat
544 1801 703 1841 solatium,

266 1852 445 1885 Ostendens
470 1849 704 1890 praesaepium.

378 1936 425 1964 Ad
445 1936 632 1964 Benedictus.

225 2013 231 2020 .
263 1987 288 2020 O
315 1985 444 2019 fervens
472 1985 643 2026 desiderio,

264 2035 435 2068 Praeclaro
463 2034 549 2066 clara
575 2034 692 2074 studio,

265 2084 364 2124 Quem
389 2082 469 2122 legis
495 2091 647 2123 sponsum
672 2082 800 2123 lectulo,

267 2131 429 2164 Christum
457 2130 560 2162 crucis
585 2130 619 2162 in
645 2130 786 2171 pendulo

312 2180 474 2220 Quaerens
499 2178 640 2215 tenuisti,

262 2226 431 2260 Francisci
457 2224 536 2258 felix
562 2226 696 2269 aemula,

266 2275 416 2308 Salomon
443 2273 588 2314 mirifica,

264 2323 399 2357 Manum
423 2323 553 2355 mittens
577 2322 619 2354 ad
646 2321 744 2354 fortia

267 2372 384 2404 Procul
412 2371 455 2404 de
477 2370 608 2402 summis
633 2369 778 2410 praemia

312 2420 400 2460 Quae
422 2419 641 2462 promeruisti,

885 2034 927 2067 A.

958 219 1151 251 Nostrorum
1177 217 1264 257 apud
1287 217 1458 248 Dominum

959 268 1060 298 Posce
1084 265 1210 297 veniam
1237 264 1415 304 criminum,

959 314 1046 353 Quae
1070 311 1178 344 surdis
1203 312 1289 343 vices
1314 312 1449 352 aurium,

960 360 1070 393 Caecis
1097 368 1228 391 acumen
1255 359 1409 392 luminum

1006 408 1129 440 Mundo
1154 407 1341 439 reddidisti.

1070 512 1138 540 Alia
1158 511 1336 547 Antiphona.

957 582 1039 620 Ave,
1066 580 1156 619 virgo
1187 578 1264 610 felix
1293 579 1397 620 Clara,

958 627 1066 660 Mater
1094 627 1158 669 pia,
1185 630 1288 658 mater
1314 636 1389 659 cara

1006 675 1214 708 Dominarum
1240 684 1428 717 pauperum,

959 723 1037 755 Sinu
1061 724 1115 763 pio
1141 725 1176 753 tu
1200 731 1257 754 nos
1283 721 1366 763 fove,

960 771 1082 803 Cuncta
1105 770 1190 802 mala
1213 773 1249 802 tu
1274 780 1393 812 amove,

1008 819 1106 851 Placa
1131 818 1273 850 datorem
1299 828 1488 862 munerum3

959 867 1050 905 Quod
1063 868 1166 898 mater
1178 869 1289 898 nostra
1297 866 1351 906 sis,
1372 868 1507 900 ostende

958 915 1010 946 Ab
1037 914 1123 947 omni
1148 914 1231 945 malo
1257 923 1315 946 nos
1344 913 1491 956 defende,

1010 961 1127 994 Confer
1150 970 1293 1002 perenne
1317 962 1478 1002 gaudium,

1509 896 1516 911 7

1068 1066 1139 1093 Alia
1156 1065 1335 1101 Antiphona.

958 1134 983 1166 Ο
1013 1134 1101 1174 virgo
1125 1133 1282 1164 mirabilis

1006 1180 1145 1221 Insignis
1173 1183 1204 1211 et
1228 1180 1395 1222 prodigiis,

1005 1228 1190 1269 Languores
1218 1228 1431 1259 daemoniacis

1051 1275 1205 1309 Plurimis
1230 1275 1380 1318 medens,

1004 1323 1071 1356 Das
1096 1332 1239 1365 gressum
1265 1322 1377 1355 fractis
1402 1323 1504 1363 tibiis,

1006 1372 1122 1404 Curam
1148 1371 1327 1413 epilepticis

1054 1419 1206 1451 Precibus
1235 1419 1390 1462 sinceris3

958 1468 982 1500 Ο
1010 1468 1076 1499 vita
1099 1467 1283 1505 laudabilis,

1006 1515 1093 1554 Quae
1117 1513 1213 1546 fidem
1239 1515 1288 1546 sic
1311 1513 1507 1556 magn1ticaS‚

1006 1562 1070 1595 Sed
1096 1564 1129 1594 et
1151 1562 1269 1594 multos
1295 1561 1439 1595 vivificas

1053 1610 1200 1642 Mortuos
1228 1608 1390 1651 defuncta,

1007 1657 1179 1691 Praeclara
1203 1667 1261 1689 nos
1287 1658 1472 1690 caelestium

1006 1706 1075 1739 Fac
1101 1709 1263 1738 consortes
1291 1706 1416 1748 civium,

1055 1753 1175 1795 Quibus
1202 1763 1235 1785 es
1263 1755 1440 1788 coniuncta.

1031 1899 1076 1930 In
1104 1899 1135 1931 2.
1163 1897 1383 1938 Vesperis.

1073 1973 1121 2002 Ad
1141 1972 1323 2009 Magnificat.

959 2033 984 2066 O
1012 2032 1119 2072 Clara,

957 2080 1136 2113 Multarum
1161 2082 1265 2112 mater
1290 2081 1441 2121 gentium,

957 2129 1087 2162 Exaudi
1111 2137 1224 2169 preces
1248 2126 1403 2169 flentium,

1006 2175 1165 2209 Adflictos
1192 2176 1368 2216 consolare,

958 2225 1101 2257 Allatrix
1127 2225 1171 2256 sis
1193 2225 1346 2265 laetitiae,

959 2274 1024 2306 Per
1049 2274 1198 2312 viamque
1222 2273 1374 2305 tristitiae

1007 2320 1184 2353 Nobiscum
1210 2321 1362 2353 comitare

958 2368 1003 2401 Et
1028 2368 1080 2402 fac
1105 2377 1162 2401 nos
1188 2378 1315 2409 semper
1340 2373 1444 2402 tecum

1010 2416 1191 2450 Gratulare.

1288 2478 1324 2508 14
1332 2481 1340 2495 ²⁴
