1653 2567
176 2279 214 2313 V.

704 161 960 195 —230—

390 257 594 293 Responsoria.

218 339 225 345 .
251 314 427 347 Palladiam
453 323 565 346 curans

298 360 402 393 morbi
426 362 582 401 gravitate
605 361 770 400 iacentem,

252 407 333 439 Fers
357 417 452 447 prece
479 408 619 441 devictus

300 451 450 500 [munus],
464 455 628 494 Damiane,
642 455 802 496 pusillum,

253 502 342 534 Tunc
366 503 471 534 renuit
496 502 623 534 Cosmas

297 551 399 580 tecum
427 549 565 581 dormire
589 549 744 588 sepulcro.

252 604 423 644 Impatiens
447 605 561 646 Lysias

300 655 478 684 sanctorum
492 661 674 684 excrescere
686 652 801 684 famam

252 699 335 738 Vult,
363 698 505 731 referant
528 700 592 731 aris

297 745 447 779 falsorum
473 749 545 778 tura
571 747 709 790 deorum,

249 793 341 825 Idola
365 796 575 833 contemnunt,

298 840 376 872 furit
398 842 501 873 acrior
521 849 620 881 angue
638 843 800 880 tyrannus.

222 921 228 927 .
257 897 396 936 Cumque
419 898 466 937 pii
489 896 615 937 fratres,

299 944 366 975 diro
391 945 424 976 in
449 945 620 976 certamine
645 943 754 985 fortes,

248 990 355 1022 Artati
380 992 492 1023 vinclis

301 1046 368 1068 cum
395 1047 523 1070 carcere
540 1039 665 1070 vincula
682 1039 799 1080 rident,

252 1085 364 1116 Iniecti
388 1086 421 1117 in
445 1087 575 1127 pelagus

299 1133 488 1172 pervincunt
512 1133 655 1173 aequoris
681 1133 753 1166 ima.

312 1244 356 1276 111
384 1247 415 1279 3.
441 1246 668 1280 Nocturno.

392 1320 587 1355 Antiphonae.

217 1401 223 1407 .
249 1375 308 1415 Qui
334 1376 373 1407 de
398 1380 508 1409 ventre
531 1378 593 1408 viri

295 1423 395 1455 trahis
409 1425 558 1467 amplum,
578 1424 700 1463 Cosma,
720 1425 801 1456 colu-

574 1472 674 1511 bium,

249 1515 324 1556 Fae,
351 1526 391 1549 ne
414 1527 470 1550 nos
497 1518 623 1559 Stygius

295 1563 414 1596 toxicet
437 1574 492 1597 ore
518 1566 623 1600 draco.

252 1619 309 1658 Qui
332 1620 413 1653 vitas
441 1622 603 1663 dederant,

293 1667 399 1707 gladio
426 1670 569 1701 cecidere
595 1673 734 1713 cruento,

251 1714 304 1746 Sic
328 1716 410 1747 male
435 1717 627 1756 respondent

297 1760 384 1794 facta
407 1764 541 1795 scelesta
565 1765 637 1803 piiS.

215 1843 222 1849 .
251 1817 418 1858 supplicis,
444 1828 462 1851 ο
488 1818 614 1860 fratres,

298 1865 417 1898 animas
444 1869 475 1897 et
500 1876 633 1907 corpora
656 1868 759 1908 plebis

249 1911 394 1951 Desuper
417 1914 451 1945 in
474 1917 582 1947 vestra

297 1967 422 2000 semper
446 1961 561 1993 habete
584 1971 689 1996 manu.

388 2036 592 2071 Responsoria.

215 2116 221 2123 .
247 2091 355 2123 Divini
377 2093 507 2133 Lysiam

296 2138 472 2179 blasphemi
497 2142 632 2173 nominis
656 2143 741 2176 ultro

249 2186 286 2217 In
312 2185 423 2220 faciem
452 2189 587 2221 caedunt

296 2233 433 2267 Satanae
456 2237 629 2277 mortisque
652 2237 800 2279 ministri,

248 2280 325 2312 Orat
346 2290 438 2322 opem
462 2292 600 2324 praeses,

295 2337 387 2368 quam
398 2333 430 2362 tu
439 2340 511 2371 non,
527 2331 651 2375 Cosma,
667 2333 799 2373 negasti.

191 2386 222 2418 2.
250 2385 274 2417 O
299 2386 474 2427 quicunque
499 2389 592 2420 simul

295 2431 380 2466 ferro
407 2435 566 2467 cecidistis
592 2438 712 2482 eodem,

935 255 1049 288 Ardua
1071 256 1134 287 iam
1159 263 1279 286 summo

980 302 1111 335 venistis
1137 303 1178 334 ad
1204 305 1291 334 astra
1314 300 1487 341 triumpho,

862 351 900 383 V.
933 350 1076 382 Victores
1103 350 1212 382 eadem

978 406 1033 429 vos
1059 407 1145 430 mors
1170 400 1203 428 et
1226 396 1329 437 gloria
1352 395 1464 436 iungit.

875 455 905 487 ὀ.
934 454 990 492 Qui
1017 462 1105 486 mare
1128 454 1261 494 vicistis,

978 502 1100 533 vastum
1123 501 1244 533 vicistis
1270 502 1303 531 et
1326 500 1431 539 ignem

931 547 1000 578 Nec
1023 556 1086 583 non
1113 548 1181 580 dira
1209 548 1312 579 crucis

980 594 1076 627 Vobis
1102 597 1261 627 tormenta
1283 596 1416 635 parata3

860 641 899 675 V.
928 643 1076 682 Ingentes
1101 651 1220 682 poenas

979 692 1110 728 superat
1133 689 1288 729 patientia
1314 688 1461 723 fratrum,

1025 830 1071 862 In
1096 830 1325 864 Laudibus.

1074 924 1271 959 Antiphonae.

899 1026 906 1033 .
932 1000 985 1032 Ad
1010 1009 1093 1033 nova
1115 1004 1151 1032 tu
1174 1003 1316 1032 nostrum

975 1047 1135 1080 laedentia
1158 1049 1291 1080 vulnera
1315 1050 1426 1087 pectus

931 1094 1008 1126 Cum
1034 1094 1149 1127 Cosma
1174 1096 1352 1127 antidotum

979 1143 1044 1184 des,
1071 1143 1237 1185 Damiane,
1264 1151 1391 1175 novum.

897 1223 903 1229 .
930 1198 979 1230 Tu
1005 1199 1164 1238 duplicem
1189 1199 1289 1231 servis

977 1246 1138 1290 impetres,
1168 1246 1292 1287 Cosma,
1319 1247 1455 1278 salutem

932 1292 1084 1332 Corporis
1110 1297 1206 1334 atque
1230 1294 1365 1335 animae,

977 1340 1024 1371 sic
1047 1342 1207 1380 miserere,
1233 1344 1336 1381 pater.

895 1423 903 1430 .
929 1397 998 1429 Iam
1022 1401 1156 1436 pereant
1177 1398 1291 1438 plagae

976 1448 1110 1484 pereant
1134 1448 1167 1476 et
1184 1446 1327 1488 vulnera,
1353 1446 1487 1486 languor

928 1492 958 1522 A
984 1489 1066 1524 facie
1091 1491 1227 1525 fratrum

978 1544 1108 1572 cunctus
1132 1540 1165 1571 in
1191 1541 1269 1573 orbe
1293 1543 1374 1572 ruat.

898 1620 904 1626 .
932 1595 1004 1627 Non
1030 1598 1106 1629 satis
1133 1600 1181 1629 est
1202 1597 1318 1638 linguis

973 1641 1090 1676 fratres
1115 1645 1248 1677 laudare
1275 1645 1394 1686 beatos,

926 1690 1063 1724 Auxiliis
1089 1701 1222 1732 quorum

975 1741 1081 1771 cetera
1104 1740 1248 1771 membra
1273 1741 1388 1772 valent.

897 1818 904 1826 .
930 1794 1075 1827 Pessima
1098 1805 1157 1837 per
1182 1795 1280 1829 facies

975 1846 1104 1875 sanetur
1128 1844 1237 1885 laesio,
1265 1843 1392 1885 fratres,

928 1889 1072 1922 Pectoris
1095 1892 1252 1923 introrsus

977 1936 1100 1969 scilicet
1122 1941 1218 1978 atque
1241 1939 1330 1973 foris,

1046 2041 1094 2068 Ad
1114 2042 1298 2070 Benedictus.

893 2129 899 2137 .
933 2105 1061 2140 Caelica
1085 2110 1221 2142 terrenis

978 2153 1139 2189 infundite
1162 2158 1336 2198 pharmaca
1357 2161 1472 2202 plagis,

932 2200 1025 2233 Nunc
1052 2205 1131 2236 caeli
1155 2206 1282 2246 medici,
1310 2211 1342 2239 et

978 2251 1072 2283 terris
1099 2252 1215 2285 donate
1239 2255 1372 2296 relictis,

931 2296 1031 2335 Quam
1056 2309 1140 2331 nunc
1164 2303 1236 2333 orat
1257 2311 1349 2342 opem

977 2345 1107 2378 sceleris
1132 2357 1208 2388 gens
1231 2351 1339 2383 saucia
1363 2353 1438 2394 telo,

929 2392 975 2425 Ut
999 2393 1061 2425 sibi
1085 2400 1228 2435 speratas

977 2441 1106 2477 valeant
1130 2453 1322 2485 cognoscere
1346 2448 1442 2484 vires,
