1653 2567
649 115 884 150 -12—

131 214 161 246 6.
189 213 360 252 Stupendis
385 212 551 252 magnaliis

231 259 420 301 phalangem
445 262 625 291 sanctorum

185 306 362 340 Mirificans
387 307 501 338 extulit

232 355 381 395 princeps
405 354 597 394 angelorum.

321 449 526 483 Responzoria.

129 517 160 550 1.
185 516 383 556 Adspirante
405 515 494 547 rabie

233 563 462 603 persecutionis

185 610 250 642 Sub
277 611 346 642 diro
372 609 521 642 carnifice

185 658 328 690 Adriano
354 657 484 689 calicem

230 705 341 736 bibunt
365 705 523 745 passionis

114 753 152 785 V.
180 752 291 784 Sancta
321 753 402 784 dena.
424 752 513 783 milia

185 800 364 840 Martyrum
390 802 569 831 sanctorum

184 848 248 880 Pro
274 846 391 879 Christi
417 845 622 880 confessione.

129 905 160 935 2.
186 903 377 943 Applicatur
401 903 487 943 regio

186 950 353 982 Tribunali
374 950 457 989 legio

233 997 349 1029 Sancta
372 996 443 1036 Dei,

187 1044 313 1084 Negare
338 1044 537 1083 compellitur

233 1092 437 1124 Sacramenta
464 1090 549 1130 fidei,

116 1139 154 1172 V.
186 1138 250 1170 Sed
274 1148 333 1172 nec
356 1142 480 1170 terrore
505 1139 682 1169 concutitur

186 1185 255 1217 Nec
279 1185 495 1218 blandimento
519 1185 691 1218 seducitur.

131 1244 163 1275 3.
187 1243 251 1275 Pro
277 1242 380 1273 salute
403 1241 512 1272 mundi
536 1245 629 1272 natus

232 1290 321 1322 Deus
346 1291 394 1320 est
418 1297 458 1319 ex
479 1288 603 1328 virgine

187 1336 233 1368 Et
255 1336 289 1367 in
314 1344 408 1368 cruce
430 1335 621 1375 victimatus,

236 1383 333 1421 Quem
357 1383 494 1422 ignoras,
520 1381 643 1421 perfide

116 1431 155 1463 V.
186 1431 312 1470 Caesar,
338 1438 401 1462 non
425 1429 678 1469 obtemperamus

189 1478 272 1517 Tibi,
299 1478 355 1509 sed
381 1477 464 1508 hunc
488 1477 665 1509 adoramus.

132 1536 163 1568 4.
190 1535 282 1567 Iussu
308 1533 391 1574 regis
417 1532 558 1564 crucifixi

236 1584 308 1613 sunt
333 1580 419 1613 beati
442 1584 610 1621 martyres,

191 1629 306 1661 Omnes
330 1636 448 1668 poenas
473 1626 684 1671 perferentes,

239 1685 316 1715 quas
339 1684 397 1707 rex
422 1675 501 1706 caeli
525 1684 638 1714 passus
663 1678 721 1714 est,

190 1722 266 1763 Ipsa
290 1723 369 1754 hora
393 1722 548 1753 elementa

237 1773 435 1801 tremuerunt
458 1770 572 1809 omnia,

121 1817 158 1849 V.
193 1817 329 1860 Caelum,
360 1817 465 1856 tellus,
490 1817 539 1848 sol
564 1819 596 1848 et
618 1817 695 1848 luna

240 1868 270 1896 et
293 1865 438 1904 polorum
461 1864 578 1898 sidera.

258 1988 305 2021 In
328 1990 361 2021 2.
386 1987 611 2020 Nocturno.

335 2072 530 2108 Antiphonae.

135 2141 166 2175 1.
193 2140 281 2171 Haec
306 2142 354 2171 est
377 2140 539 2179 generatio

239 2188 408 2219 Dominum
432 2188 649 2227 quaerentium

192 2234 236 2266 Et
257 2244 317 2275 pro
344 2234 462 2267 Christi
485 2236 586 2276 gloria

240 2291 311 2314 sese
334 2283 595 2322 impendentium.

138 2340 170 2372 2.
194 2339 307 2371 Honor
332 2342 364 2371 et
385 2339 528 2372 laudatio

245 2387 337 2419 decet
360 2390 486 2420 sanctos
512 2393 683 2431 martyres,

865 210 950 243 Laus
977 213 1009 243 et
1035 211 1204 244 exsultatio

912 261 1105 299 purpuratos
1129 259 1260 292 milites.

807 316 837 348 3.
864 315 1062 348 Benedicunt
1086 315 1257 348 Dominum

912 364 1023 407 sancti,
1051 363 1105 402 qui
1129 363 1295 396 victoriam

865 410 1007 443 Contulit
1030 418 1089 450 per
1111 412 1291 450 passionem

913 460 945 489 et
968 466 1137 503 supernam
1164 459 1309 498 gloriam.

805 515 837 546 4.
862 513 982 547 Factus
1008 518 1057 547 est
1080 513 1234 555 refugium

909 562 941 593 in
970 570 1062 594 cruce
1086 563 1301 602 pendentibus

863 608 988 641 Sanctis
1012 610 1158 643 Christus
1183 614 1216 642 et.
1238 614 1358 643 trames

912 657 1015 689 caelos
1044 658 1299 692 ascendentibus

806 713 836 744 5.
864 712 1062 745 Citharizant
1087 714 1225 746 dulciter

910 760 1106 793 harmoniam
1129 762 1274 794 melicam

862 807 900 838 In
929 808 1074 848 supernis
1100 809 1190 840 atriis

909 855 993 887 inter
1016 855 1142 888 turbam
1169 857 1328 889 caelicam.

806 912 836 943 6.
864 911 998 952 Sanguis
1032 911 1121 943 fusus
1146 916 1321 953 martyrum

913 959 1029 990 clamat.
1053 959 1096 991 ad
1118 961 1161 999 te,
1187 960 1335 1002 Domine,

864 1005 923 1044 Qui
948 1015 1007 1045 pro
1032 1009 1064 1037 te
1090 1005 1205 1038 effusus
1230 1011 1279 1039 est

911 1053 944 1084 in
970 1053 1117 1085 arborum
1143 1055 1262 1094 stipite.

1000 1128 1208 1162 Responsoria.

808 1184 838 1216 1.
865 1184 957 1216 Vidit
980 1188 1055 1217 ante
1079 1185 1227 1218 thronum
1253 1188 1314 1219 Dei

912 1233 1002 1271 quasi
1026 1241 1114 1264 mare
1138 1234 1275 1266 vitreum

862 1278 1029 1318 Iohannes¹
1055 1289 1154 1319 supra
1177 1283 1262 1321 quod
1287 1284 1393 1316 stabat

911 1326 1022 1366 ingens
1045 1327 1141 1359 turba
1162 1332 1338 1370 martyrum

867 1371 1056 1406 Cristallinis
1081 1374 1287 1409 buccinantes

912 1420 997 1452 tubis
1023 1422 1096 1462 agni
1122 1424 1287 1456 canticum.

797 1467 834 1499 V.
865 1467 1092 1500 Adoraverunt
1116 1470 1274 1503 viventem

915 1515 949 1546 in
974 1516 1103 1548 saecula
1126 1519 1326 1551 saeculorum

867 1561 1034 1595 Mittentes
1061 1572 1192 1597 coronas
1217 1576 1290 1598 suas

916 1613 990 1642 ante
1014 1611 1075 1643 Dei
1100 1612 1259 1648 thronum.

812 1667 844 1697 2.
872 1666 896 1698 O
922 1675 1014 1706 quam
1038 1667 1181 1708 glorifico

917 1712 1076 1747 fulserunt
1099 1716 1206 1748 sidere
1230 1720 1333 1751 sancti

868 1761 937 1801 Isti,
965 1763 1018 1801 qui
1044 1761 1163 1795 Christi

916 1813 1099 1841 meruerunt
1123 1819 1192 1843 esse
1212 1813 1363 1857 ministri,

799 1854 837 1889 V.
868 1856 932 1888 Per
958 1857 1060 1889 diram
1086 1867 1221 1897 poenam

917 1905 1425 1943 patriamtenduntadamoenam.

813 1960 843 1993 3.
870 1959 1095 2002 TunsionibuS‚
1121 1966 1280 2002 pressuris

919 2017 1012 2040 sacra
1037 2011 1120 2042 dena
1141 2012 1231 2044 milia

872 2055 969 2087 Velut
991 2057 1117 2097 lapides
1141 2060 1235 2098 politi

923 2112 981 2142 per
1007 2105 1109 2137 crucis
1134 2108 1292 2147 supplicia

875 2150 945 2182 Poli
969 2152 1166 2185 transierunt

922 2199 963 2230 ad
988 2198 1144 2235 aedificia.

804 2245 841 2277 V.
875 2246 899 2278 O
925 2247 1078 2280 caelestes
1102 2252 1306 2296 margaritae,

874 2294 939 2326 Per
962 2298 1097 2328 mortem
1122 2299 1226 2330 crucis
1251 2301 1381 2342 politae,

925 2343 1001 2375 Post
1024 2344 1149 2377 ruinam
1173 2348 1331 2386 passionis

923 2390 998 2423 Dati
1024 2392 1140 2432 palmis
1168 2397 1200 2426 et
1225 2398 1360 2432 coronis.
