1653 2567
706 149 967 186 —179—

630 272 676 303 62.
706 273 750 304 De
771 272 879 304 sancto
900 272 1040 304 Botuido.

310 360 357 391 In
387 361 416 394 l.
447 360 668 401 Vesperis.

392 435 589 472 Antiphonae.

212 522 219 528 .
246 493 489 535 Triumphantis
515 496 650 528 militiae

245 542 364 583 Regem
388 542 555 575 laudemus
581 543 687 584 hodie,

291 590 504 622 Laudabilem
527 591 561 623 in
586 592 725 635 saecula,

245 638 305 676 Qui
329 637 404 670 filiis
431 639 585 671 ecclesiae

243 685 415 718 Militantis
440 686 474 718 in
499 687 569 718 acie

292 733 385 766 Nova
411 733 536 765 confert
561 735 686 768 solatia.

207 825 215 833 .
240 800 386 840 Regnum
412 801 575 834 collaudat
599 801 731 834 Sueciae

242 847 372 880 Patrem
396 849 645 888 misericordiae,

289 895 374 927 Nam
398 899 472 935 post
495 897 591 938 plura
615 897 770 930 miracula

238 942 348 975 Sancti
374 943 436 975 viri
461 944 618 984 reliquiae

238 990 344 1023 Mirae
371 992 488 1024 dantur
512 991 684 1024 memoriae

288 1038 408 1070 Divina
432 1039 648 1079 providentia.

205 1129 213 1137 .
241 1104 377 1138 Sanctus
402 1105 560 1138 Botuidus
587 1106 681 1146 erigit

238 1152 357 1194 Elisos,
384 1153 484 1185 iustos
512 1154 625 1194 diligit,

284 1201 359 1233 Iure
385 1201 524 1232 custodit
548 1202 700 1241 advenas,

237 1247 383 1287 Pupillos
407 1248 461 1288 pie
483 1249 619 1288 suscipit

234 1294 279 1326 Et
304 1295 503 1336 compeditos
529 1297 634 1337 eripit,

281 1344 384 1376 Amor
409 1342 497 1375 fovet
520 1344 699 1385 indigenas.

201 1434 209 1442 .
235 1410 314 1442 Visu
340 1418 451 1442 caecos
476 1411 646 1453 illuminat,

232 1457 406 1498 Dispersos
431 1459 547 1490 multos
574 1459 711 1499 glutinat

282 1505 408 1538 Unitati
434 1506 619 1546 catholicae,

234 1553 422 1585 Incredulos
449 1553 604 1594 humiliat,

232 1601 395 1634 Contritos
422 1601 518 1633 corde
543 1601 662 1634 solidat

278 1649 398 1690 Vigore
417 1649 602 1689 patientiae.

196 1743 203 1749 .
230 1715 344 1750 Lauda
359 1716 529 1758 Christum,
544 1717 636 1756 plebs
648 1716 789 1759 Suecica,

231 1764 368 1804 Collegit
393 1764 466 1795 aula
493 1765 612 1797 caelica

277 1813 452 1845 Patronum
477 1816 566 1844 tuum
590 1812 746 1854 inclitum,

229 1859 288 1892 Cui
313 1859 512 1893 confidenter
536 1860 693 1901 supplica,

1001 360 1062 394 Ad
1087 360 1360 394 Matutinum.

1062 436 1278 464 Invitatorium.

932 494 1013 535 Regi
1039 503 1187 526 canamus
1215 494 1351 527 dulciter

978 543 1017 575 In
1030 542 1170 586 psalmis,
1191 542 1328 583 hymnis,
1344 543 1489 583 canticis,

931 589 991 628 Qui
1015 592 1175 630 martyres
1198 590 1382 630 perenniter

981 637 1112 670 Coronis
1138 642 1232 671 ornat
1257 638 1393 672 caelicis

990 772 1036 803 In
1064 771 1094 804 1.
1122 771 1356 806 NocturnO.

1078 845 1275 882 Antiphonae.

896 931 902 937 .
929 902 1085 936 Fructum
1110 913 1238 937 suavem
1264 906 1398 945 protulit

975 952 1110 992 Lignum
1144 953 1313 992 pulchrum
1347 953 1381 985 in
1407 956 1486 986 tem-

930 1046 1022 1086 Quod
1047 1046 1145 1079 verbo
1170 1009 1415 1087 patrigogz'tulit

976 1094 1083 1126 semet
1107 1093 1197 1126 fideli
1219 1098 1361 1135 pectore.

893 1177 900 1183 .
926 1150 991 1182 Hic
1013 1151 1047 1182 in
1073 1151 1186 1184 timore
1211 1151 1341 1185 Domini

975 1198 1016 1230 Se
1042 1198 1232 1238 disciplinae
1257 1199 1384 1240 subicit,

924 1245 1013 1277 Novo
1041 1244 1213 1278 conformis
1237 1247 1359 1279 homini

975 1294 1143 1325 Vetustum
1167 1294 1275 1335 iugum
1301 1295 1429 1333 proicit.

895 1377 901 1383 .
930 1351 1016 1382 Voce
1042 1350 1158 1382 clamat
1183 1352 1226 1384 ad
1251 1352 1432 1393 Dominum,

973 1399 1057 1430 Dum
1080 1399 1184 1438 surgit
1209 1399 1385 1439 tribulatio,

923 1445 1093 1478 Tumorem
1118 1446 1213 1478 sedat
1236 1446 1400 1479 fluminum

972 1493 1119 1534 Superna
1145 1494 1329 1527 consolatio.

1061 1568 1271 1605 Responsoria.

887 1653 894 1660 .
922 1626 1009 1658 Rosa
1032 1626 1150 1659 rubens
1176 1628 1341 1668 egreditur

966 1674 1017 1706 De
1040 1675 1205 1715 spinarum
1230 1676 1385 1716 acumine,

923 1721 1057 1755 Gemma
1079 1725 1187 1755 terrae
1209 1724 1410 1756 subtrahitur

969 1770 1171 1803 Praecellens
1197 1772 1447 1816 pulchritudine,

918 1817 1075 1851 Botuidus
1103 1827 1171 1850 curn
1198 1820 1388 1859 producitur

965 1866 1017 1898 Ex
1041 1875 1238 1907 paganorum
1265 1868 1396 1907 semine,

227 1909 320 1948 Quod
345 1908 405 1940 tibi
430 1917 499 1940 sors
525 1909 670 1950 angelica
846 1912 886 1946 V.
916 1913 1040 1946 Aurum
1064 1915 1240 1954 splendens
1266 1914 1416 1956 efficitur,

276 1956 380 1989 Detur
403 1959 478 1996 post
501 1958 614 1989 mortis
640 1957 770 1992 exitum.
917 1963 1097 2002 Argentum
1121 1972 1235 2003 purum
1262 1964 1411 1996 redditur

965 2010 1140 2052 Purgatum
1166 2021 1185 2043 a
1210 2012 1366 2052 rubigine.

345 2052 392 2080 Ad
410 2051 592 2088 Magnificat.
858 2068 889 2100 2.
916 2067 1080 2108 Propheta
1106 2069 1229 2108 spernit
1255 2069 1393 2109 patriam

151 2113 192 2145 A.
223 2111 372 2154 Botuide,
404 2111 467 2143 tiro
493 2112 621 2153 nobilis,
965 2116 1106 2156 Sperans
1131 2116 1284 2149 honorem
1311 2117 1443 2158 gloriae,

273 2159 385 2192 Victor
409 2160 567 2191 scandens
594 2161 634 2192 de
650 2161 784 2202 proelio,
916 2163 1051 2196 Athleta
1075 2167 1196 2196 terram
1223 2165 1387 2205 propriam

221 2208 260 2241 In
284 2211 389 2240 morte
414 2216 506 2239 rosae
531 2208 657 2249 similis,
965 2211 1138 2244 Fruendae
1162 2222 1220 2252 spe
1245 2213 1409 2254 victoriae,

270 2256 344 2288 Vita
369 2255 520 2288 candenti
545 2256 624 2296 lilio,
916 2259 1074 2292 Botuidus
1101 2268 1236 2300 sequens
1262 2261 1403 2301 aquilam

221 2303 289 2336 Nos
314 2304 407 2339 huius
434 2304 505 2336 viae
530 2304 637 2337 labilis
964 2307 1069 2340 Solem
1096 2309 1223 2347 quaerit
1244 2309 1401 2352 iustitiae3

272 2351 424 2385 Latentes
449 2353 484 2384 in
510 2353 622 2386 exsilio
844 2354 884 2386 V.
913 2354 1064 2388 Sanctam
1087 2360 1198 2389 servat
1220 2357 1421 2400 modestiam,

225 2399 398 2442 Coniunge,
424 2404 549 2442 martyr
573 2401 712 2442 humilis,
916 2403 983 2435 Dat
1007 2404 1145 2436 creatori
1169 2405 1298 2438 latriam

270 2447 458 2481 Sanctorum
487 2449 658 2483 domicilio.
965 2451 1173 2493 Contemptor
1196 2454 1379 2490 idolatriae.

1246 2509 1305 2540 12*
