1653 2567
655 97 914 133 -104—

201 194 346 235 Domine,
375 195 447 227 dum
472 194 643 235 Apollonia

202 243 285 276 Vero
312 243 461 275 exercitio

201 290 313 322 Floret
336 290 369 322 in
393 290 473 323 urbe
496 290 704 323 Alexandria.

169 373 176 380 .
200 348 237 380 In
263 356 386 379 omnem
410 349 529 380 terram
554 348 739 388 provehitur

200 393 293 426 Felix
319 395 385 426 eius
409 395 569 436 memoria,

205 442 298 475 Clara
323 445 394 474 orta
417 443 567 481 prosapia

202 490 305 522 Deum
327 487 447 521 fatetur
470 489 559 522 idola

204 537 390 575 spernendo
417 546 503 576 vaga.

169 618 176 625 .
204 592 279 632 Quis
304 594 366 625 iste
390 601 446 625 rex
473 595 520 624 est
545 593 672 633 gloriae,

202 640 342 672 Palmam
369 640 422 680 qui
448 641 600 672 victoriae

203 687 344 719 Contulit
369 687 585 728 Apolloniae?

202 735 288 774 Quae
314 735 416 766 carnis
440 735 511 767 iura
537 735 693 767 domitans

201 781 345 814 Montem
372 782 555 814 conscendit
579 781 716 820 Domini,

202 829 366 861 Anhelans
392 829 433 861 ad
459 829 616 863 caelestia.

339 923 548 958 Responsoria.

172 1006 178 1013 .
205 979 330 1012 Nobilis
354 980 535 1023 Apollonia,

206 1027 345 1067 Egregia

203 1074 280 1106 Orta
305 1083 342 1106 ex
367 1075 528 1114 progenie,

204 1120 338 1160 Flagrat
360 1121 421 1153 Dei
447 1130 562 1161 amore,

203 1168 384 1200 Balsamato
409 1169 586 1208 pneumatis

207 1214 343 1247 Perfusa
366 1223 446 1247 rore.

166 1288 173 1295 .
206 1262 341 1302 Insignis
368 1263 536 1294 virtutibus

205 1308 320 1341 Mundi
346 1309 457 1348 opibus

207 1356 402 1388 Renuntians
428 1365 509 1389 vana

209 1403 255 1434 Et
279 1403 394 1443 gaudia
417 1403 550 1443 spernit.

151 1460 183 1492 2.
209 1458 382 1491 Idolatm'ae

209 1506 343 1538 Tradita
368 1507 465 1538 cultui

210 1553 337 1585 Inclusa
363 1554 449 1595 virgo
476 1555 578 1594 beata,

211 1599 274 1632 Sed
299 1601 385 1633 idolo
412 1601 565 1642 dissipato

207 1648 329 1679 Aurum
354 1649 476 1680 miseris

213 1694 383 1727 Distribuit
409 1696 553 1728 catervis.

151 1741 183 1773 V.
214 1741 302 1785 Sunt,
329 1741 442 1782 inquit,
467 1744 546 1775 haec
571 1743 746 1782 daemonia,

211 1790 317 1830 Pater,
344 1791 398 1821 tua
421 1790 517 1831 idola,

213 1836 320 1869 Unum
345 1838 441 1869 erede
464 1837 565 1869 Deum

213 1883 395 1918 Colendum.

154 1941 187 1975 3.
211 1940 353 1973 Turbato
378 1942 494 1981 spiritu

214 1987 354 2028 Virginis
378 1990 554 2022 admiratur

211 2036 309 2068 Pater
332 2036 531 2076 industriam,

217 2084 314 2122 Quam
340 2085 471 2117 audiens
495 2086 527 2116 in
555 2093 648 2117 cruce

216 2130 345 2163 Domini
368 2132 498 2172 gloriari

216 2179 313 2211 Iussit
339 2187 406 2210 eam
432 2180 549 2212 acriter

213 2226 319 2266 Virgis
342 2228 522 2269 verberari;

142 2271 180 2306 V.
212 2272 297 2312 Quae
323 2275 429 2307 caedis
452 2276 571 2308 invicta
598 2274 732 2317 flagellis

215 2321 386 2354 Praedicat
409 2322 584 2356 ferventius

215 2368 374 2401 Christum
398 2370 607 2405 adoraudum.

944 193 989 225 In
1016 196 1047 227 2.
1074 192 1132 224 No
1145 194 1306 224 cturno.

1019 278 1215 314 Antiphonae.

846 374 853 381 .
879 347 1030 379 Dilexisti
1053 346 1215 389 iustitiam,

927 394 1026 435 Virgo
1050 394 1155 434 beata,

881 442 1047 482 Odistique
1072 441 1226 473 malitiam

929 489 1056 522 Christo
1083 488 1240 528 dedicat-a,

879 537 930 568 Ab
956 537 1041 568 intus
1066 536 1150 577 regis
1174 544 1320 576 purpura

931 583 1058 617 Gaudes
1086 584 1244 617 decorata.

849 666 854 672 .
882 640 995 672 Venite
1020 642 1052 671 et
1075 640 1183 672 videte

882 687 1036 727 Martyris
1061 687 1200 718 athletae

881 735 1056 767 Victoriam
1079 735 1266 773 mirandam,

883 782 970 821 Quae
994 781 1056 814 sibi
1082 781 1238 821 refugium

883 830 978 862 Ponit
1002 829 1063 861 Dei
1087 828 1198 869 filium,

885 876 1065 909 Pneumatis
1090 876 1249 909 industria

882 924 1043 956 Redolens
1069 923 1108 955 ab
1134 922 1281 957 infantia.

849 1004 855 1011 .
884 980 965 1012 Solis
989 981 1105 1012 ardore

882 1026 1080 1060 Inflammata
1105 1027 1236 1059 caelitus

881 1074 1136 1107 Fundamentum

880 1122 1020 1154 Radicat
1042 1120 1202 1153 montibus

883 1170 920 1201 In
945 1169 1118 1206 altissimis,

885 1216 951 1256 Quo
973 1225 1053 1255 pace

931 1264 1096 1296 abundans
1120 1263 1254 1301 habitat,

886 1311 1001 1343 Mundi
1025 1312 1090 1342 ritu

933 1361 1042 1398 spreto
1067 1358 1252 1393 saevissimi.

1028 1453 1235 1488 Responsoria.

852 1536 859 1544 ‚
886 1510 939 1541 Ad
965 1513 1123 1543 certamen
1149 1512 1324 1544 accersitur

889 1557 986 1598 Virgo
1012 1566 1176 1598 generosa,

889 1604 1074 1645 Sapientum
1099 1606 1303 1647 philosophia

888 1652 982 1684 Inani
1003 1662 1067 1685 non
1090 1654 1289 1697 perturbata,

890 1698 992 1732 Solvit
1014 1700 1139 1733 obiecta

891 1746 1030 1786 Spiritus
1053 1749 1234 1793 munimine,

891 1793 974 1832 Quos
998 1793 1074 1827 fidei
1099 1794 1296 1835 professores

890 1841 1042 1881 Mai-tyrii
1064 1843 1123 1875 sub
1148 1846 1234 1876 serto

892 1887 1012 1928 Dirigit
1035 1890 1077 1921 ad
1104 1891 1217 1924 caelos,

855 1961 862 1968 .
891 1935 944 1968 Ad
971 1945 1102 1976 quorum
1126 1937 1203 1970 fidei
1229 1948 1412 1973 consensum

942 1986 1033 2023 pater
1055 1984 1194 2027 inflatur,

893 2031 999 2063 Pudet
1023 2032 1174 2066 scientiae
1199 2036 1405 2069 succumbere

943 2081 1115 2112 exercitum

895 2126 1041 2167 Quosque
1065 2126 1254 2163 furibundus

941 2175 1079 2208 tradidit
1101 2177 1219 2218 iugulo.

864 2258 870 2265 ,
897 2230 952 2263 Bis
974 2240 1031 2264 sex
1058 2233 1234 2274 virginibus

941 2280 1054 2312 nititur
1078 2282 1250 2323 applicatis

895 2326 987 2359 Hanc
1011 2331 1103 2368 pater
1128 2330 1171 2363 ad
1195 2333 1313 2365 cultum

941 2375 1071 2409 trahere
1094 2378 1256 2420 vanitatis,
