1653 2567
712 149 970 185 —130—

257 249 389 282 Nudata
412 258 538 280 rursum
561 247 749 288 flagellatur,

255 297 351 330 Nuda
374 305 433 336 per
456 296 654 336 provinciam

256 345 308 377 Ab
333 344 440 384 impiis
466 344 543 375 viris
568 344 717 384 agitatur,

260 393 346 424 Petit
368 401 387 423 a
402 391 549 431 Domino,
575 390 659 431 quod
676 391 811 430 tegatur,

255 440 309 480 Et,
335 447 418 479 ecce,
444 438 482 470 ab
510 447 545 470 eo

307 488 390 519 stola
414 486 551 517 candida
574 485 709 516 velatur.

224 560 231 567 .
259 534 348 566 Mira
369 533 433 565 Dei
457 532 635 572 clementia,

311 582 397 620 Quae
420 580 565 620 largitur,

308 628 398 668 Quod
423 627 543 667 petitur

260 676 397 708 Abiecta
423 673 613 706 diffidentia.

231 759 238 766 .
265 733 362 773 Virgo
388 734 498 763 sancta
521 730 667 762 Barbara

313 783 341 812 A
368 782 461 818 patre
484 787 540 810 suo
567 777 752 815 decollatur,

260 827 358 859 Pater
383 826 449 857 eius
473 825 591 857 iudicio

312 873 374 906 Dei
398 876 623 913 concrematur,

313 922 375 953 Illa
400 920 485 951 caelo
512 920 691 956 coronatur,

312 968 376 1000 Hic
398 965 524 998 inferno
551 966 727 1003 cruciatum

226 1042 233 1048 .
262 1013 437 1047 Exsultent
467 1013 558 1054 filiae
581 1013 664 1046 Sion
681 1011 818 1050 ,propter

263 1063 386 1094 iudicia
409 1064 477 1100 tua,
503 1060 654 1092 Domine.

233 1144 239 1150 .
264 1119 287 1151 O
314 1118 534 1151 admirandam
558 1115 689 1156 virginis

310 1165 413 1197 Euius
439 1163 668 1200 fortitudinem,

265 1214 332 1252 Qua
355 1213 388 1243 in
413 1220 448 1242 se
468 1212 553 1242 vitae
577 1209 693 1241 veteris

313 1259 366 1291 Sic
391 1258 508 1290 occidit
531 1258 689 1289 hominem

267 1307 313 1339 Et
332 1308 506 1346 potestates
535 1305 618 1336 aeris

316 1353 422 1385 Vertit
443 1353 477 1383 in
502 1351 723 1391 formidinem3

228 1428 236 1435 .
266 1401 356 1433 Haec
380 1403 558 1439 pugnatura
582 1397 686 1430 stadio

268 1448 378 1480 Mente
402 1447 504 1478 virum
527 1446 631 1477 induit

266 1495 385 1526 Femur
411 1494 537 1534 cingens
563 1492 679 1533 gladio.

361 1589 408 1622 In
431 1587 663 1620 Laudibus.

379 1661 473 1698 Super
492 1662 635 1689 Psalmos.

232 1736 238 1743 .
267 1712 365 1743 Pater
388 1710 456 1742 Deo
481 1710 637 1741 barbarus

314 1761 346 1789 et
368 1757 467 1789 iudex
491 1757 617 1796 iniquus

268 1806 408 1845 Torquet
429 1813 508 1846 eam,
528 1804 613 1835 cuius
629 1803 774 1837 Christus

315 1856 363 1884 est
387 1861 521 1892 sponsus
546 1855 577 1883 et
600 1851 729 1883 amicus.

388 1916 434 1943 Aa
452 1916 637 1944 Benedictus.

234 1991 240 1997 .
272 1965 417 1997 Prudens
443 1969 475 1997 et
498 1965 632 2005 vigilans
657 1964 757 2006 virgo,

267 2013 375 2052 Qualis
399 2021 432 2043 es
458 2021 527 2044 cum
550 2021 665 2052 sponso
690 2012 755 2055 illo,

269 2060 327 2099 Qui
352 2064 385 2091 te
410 2061 506 2100 elegit
529 2061 689 2099 mundam,

268 2109 365 2148 Quam
385 2108 529 2148 pulchra,
548 2117 640 2147 quam
654 2107 820 2147 mirabilis,

268 2156 393 2195 Quanta
415 2156 487 2186 luce
510 2154 696 2195 spectabilis

270 2204 359 2235 Inter
385 2202 460 2234 Sion
485 2203 668 2235 iuvenculas

268 2250 313 2282 Et
333 2251 507 2283 Ierusalem
531 2250 624 2287 filias,

938 246 1091 279 Thalamo
1116 245 1257 287 gaudens
1282 243 1369 284 regio

941 294 1117 327 Coniuncta
1140 293 1201 326 Dei
1225 291 1301 325 filio.

1062 400 1140 431 Per
1163 397 1311 430 Horas.

1088 473 1133 500 Ad
1153 473 1288 500 Primam.

907 557 913 563 .
940 531 977 563 In
1004 533 1116 571 optata
1140 530 1256 562 cellula

989 578 1114 610 recludi
1137 578 1276 616 iubetur,

943 626 1035 665 Quali
1059 628 1161 657 morte
1184 627 1305 666 pereat,

993 674 1093 705 donec
1115 674 1350 713 percunctetur.

1084 748 1130 775 Ad
1149 747 1287 776 Tertiam.

945 805 1064 837 Latera
1087 805 1290 845 lampadibus

994 853 1134 893 Virginis
1161 855 1352 894 cremantur,

945 900 1088 932 Vulnera
1111 899 1295 932 vulneribus

992 947 1071 979 Dire
1096 947 1306 979 cumulantur.

1091 1022 1137 1050 Acl
1159 1022 1287 1050 Sextam.

908 1106 915 1113 .
946 1080 1048 1112 Iudex
1073 1080 1161 1112 dirus
1185 1079 1349 1113 Barbarae

994 1128 1152 1167 praecipit
1174 1127 1331 1159 mamillas

946 1174 1085 1214 Virginis
1111 1175 1270 1215 amputari
1296 1172 1470 1218 (devotae),

994 1222 1062 1253 Deo
1086 1222 1168 1254 libat
1191 1222 1273 1256 illaS.

1095 1297 1142 1324 Ad
1160 1297 1285 1324 Nonam.

910 1381 917 1388 .
949 1353 1152 1386 Circumduci
1176 1354 1297 1393 cogitur

997 1402 1085 1439 virgo
1113 1401 1282 1440 denudata,

950 1448 1014 1481 Sed
1042 1458 1061 1480 a
1085 1449 1152 1480 Deo
1179 1448 1318 1480 candida

996 1500 1085 1529 veste
1109 1495 1146 1528 fit
1170 1498 1290 1529 ornata.

1009 1591 1055 1623 In
1081 1592 1113 1624 2.
1139 1591 1362 1630 vesperis.

1062 1666 1109 1693 Ad
1127 1665 1306 1703 Magnificat.

911 1751 918 1757 .
950 1725 1029 1764 Ave,
1057 1733 1179 1764 gemma
1202 1725 1354 1765 pretiosa,

994 1772 1172 1812 Margarita
1197 1770 1331 1812 fulgida,

948 1819 1072 1859 Sponsa
1097 1818 1216 1851 Christi
1241 1820 1389 1860 gloriosa,

997 1867 1145 1898 Paradisi
1170 1866 1265 1906 viola,

951 1914 1049 1954 Virgo
1067 1914 1140 1954 Dei,
1166 1914 1323 1954 Barbara,

1001 1962 1147 1995 Clemens
1174 1964 1206 1993 et
1229 1961 1377 2003 benigna,

953 2009 1039 2048 Quae
1064 2019 1083 2041 a
1108 2013 1200 2049 patre
1223 2012 1372 2042 truncata

951 2057 989 2088 In
1014 2057 1088 2088 aula
1111 2066 1225 2098 regnas
1251 2057 1388 2100 caelica3

952 2105 1016 2137 Ora
1040 2114 1098 2144 pro
1123 2104 1215 2137 nobis

997 2152 1096 2192 Apud
1121 2161 1227 2193 regem
1254 2153 1386 2195 gloriae,

953 2198 1049 2231 Cuius
1075 2198 1177 2240 fulget
1202 2200 1333 2233 claritas

999 2248 1044 2280 Ut
1065 2248 1113 2279 sol
1136 2249 1170 2279 in
1195 2249 1339 2281 meridie.

273 2315 357 2343 Brev.
385 2324 437 2343 ms.
463 2316 685 2352 Langhemense
706 2316 775 2342 anni
799 2313 880 2344 1500.
922 2314 991 2343 Cod.
1012 2313 1157 2349 Bamberg
1159 2323 1204 2341 en.
1224 2314 1279 2341 Ed.
1299 2315 1344 2342 Ἦ
1364 2313 1391 2344 8.
1414 2331 1449 2335 —
1474 2316 1515 2343 In

200 2352 225 2381 1.
239 2354 333 2389 Vesp
337 2351 387 2380 .Α
408 2351 434 2387 3,
456 2351 473 2381 3
493 2355 535 2382 Et
555 2354 644 2388 fehlt,
667 2351 1083 2381 Cerbams.—1n2.xoet
1099 2350 1120 2377 Α
1142 2351 1169 2385 4,
1191 2350 1208 2380 5
1229 2353 1307 2380 stola
1328 2354 1463 2382 candida.
1478 2370 1516 2374 -

198 2391 219 2418 Α
241 2390 266 2425 6,
288 2391 305 2419 5
315 2363 365 2428 pSp
369 2400 392 2418 e.
407 2406 444 2410 —
467 2390 486 2418 Β
502 2390 522 2420 4
540 2393 582 2420 ist
600 2391 760 2428 prosaisch.
775 2393 869 2419 ——In
890 2387 1065 2420 3.ΝοοΐΒ
1084 2388 1160 2420 112
1181 2391 1352 2419 dividentia.
1366 2407 1404 2411 —
1420 2391 1482 2427 33,
1498 2392 1515 2421 6

198 2431 294 2458 Vertit
311 2431 344 2457 in
347 2402 573 2458 pforfitudjnem.
599 2446 639 2450 —
665 2427 686 2456 R
708 2428 728 2456 4
746 2431 907 2466 prosaisch.
929 2445 965 2449 -—
986 2428 1031 2457 Ad
1050 2429 1168 2457 Nonam
1188 2427 1219 2464 Α,
1243 2428 1258 2457 1
1281 2429 1467 2459 Gircumcidi.
