1653 2567
650 63 906 101 —152-

274 163 319 195 In
347 165 379 196 2.
403 162 619 203 Vesperis.
885 159 1020 199 Christo,
1048 159 1104 191 sed
1130 158 1164 190 in
1187 157 1259 191 aliis

931 207 971 239 111
984 206 1059 240 Iesu
1076 206 1205 239 servitio

331 247 375 274 Ad
394 246 573 283 Magnifica‘t.
625 274 637 291 ,
979 254 1109 287 Excitat
1134 255 1301 293 ardorem3

133 306 173 338 A.
205 304 339 337 Sanctus
364 305 417 337 hie
439 304 599 336 miraculis
885 302 1066 342 Benedicta,
1094 300 1220 334 famulis

250 353 357 393 Atque
380 353 465 384 vitae
490 352 580 384 radio
933 350 1009 382 Tuis
1034 348 1086 381 fae
1109 349 1142 380 in
1169 349 1241 381 odio

299 400 420 432 Mundo
448 400 503 431 dat
527 399 741 439 splendorem,
980 397 1104 430 Saeculi
1129 404 1278 435 amorem,

205 448 312 480 Patuit
335 447 368 478 in
391 446 467 479 filiis
885 444 989 488 Dona,
1016 445 1102 484 quod
1127 452 1195 475 eum
1222 443 1350 474 caelicis

252 493 357 526 Patris
380 494 533 534 glotiatio,
935 492 1085 525 Omnibus
1111 495 1266 531 perpetuo

302 541 383 574 Inde
410 542 465 573 dat
490 541 639 573 honorem
986 538 1159 571 Cernamus
1186 538 1351 571 factorem.

207 606 618 633 B1·ev.ms.F1-aneiseanum
644 612 719 632 saec.
741 603 784 632 15.
826 604 895 632 Cod.
915 604 1050 632 Rossian.
1072 613 1094 632 s.
1116 613 1143 630 Π.
1164 618 1201 623 -
1228 603 1269 630 ΙΠ
1290 601 1315 629 2.
1337 602 1439 630 Noet.

134 642 154 669 R
176 642 201 677 2,
224 641 241 670 2
264 645 352 672 Hune
371 653 423 679 per
441 643 586 671 Maurum.
606 658 643 662 —
664 641 682 667 R
704 640 729 677 2,
751 642 768 669 7
787 642 835 669 An
854 643 946 678 patiis
968 642 1126 670 oraculum.
1147 657 1184 661 —
1207 639 1227 668 Β
1248 639 1266 668 3
1286 642 1327 668 ist
1347 640 1438 668 durch

131 681 357 718 Besehiidigung
380 681 528 717 verloren5
549 689 604 707 nur
624 681 674 709 der
691 680 728 707 V.
749 681 789 707 ist
807 681 881 708 noch
902 680 1082 707 vorhanden:

547 723 584 751 V.
610 724 677 751 Non
696 722 783 750 huius
804 723 852 750 hic
871 724 982 751 inscius

613 762 707 789 Corvo
729 761 847 788 mandat
867 762 956 795 ocius,

653 799 755 834 Longe
774 798 862 826 tollat
880 807 953 826 eum.

131 842 173 869 Iu
202 840 229 870 3.
252 843 356 870 Noet.
377 840 400 868 Α
429 840 453 874 1,
475 839 492 868 2
511 842 596 869 Vixit
622 842 657 869 tle
684 849 745 868 suo.
766 855 803 860 -—
825 839 845 867 R
872 840 899 873 2,
922 840 938 868 6
963 843 1079 869 vinetus
1107 841 1189 869 liliis.
1210 855 1248 861 -—
1267 842 1310 869 In
1329 841 1437 869 Laud.

132 878 153 905 Α
179 878 205 913 3,
236 879 252 908 6
277 880 334 907 His
361 880 510 907 Iohannis.
543 895 580 900 -—
607 880 669 907 Das
699 878 833 906 Officium
858 879 932 914 folgt
955 879 1020 907 dem
1050 879 1173 907 Schema
1200 880 1250 907 des
1279 880 1438 907 Antonius-

133 917 281 945 officiums
299 918 382 945 Anal.
397 918 432 950 V,
453 918 503 944 Νι.
517 916 564 945 42.
602 917 645 944 Zu
665 916 831 944 demselben
843 917 948 953 gehort
963 917 1013 945 der
1033 917 1180 952 Hymnus:
1203 916 1318 946 Christe
1337 926 1439 944 verum

131 954 229 983 lumen
248 957 348 991 patris,
368 954 453 982 Anal.
474 955 525 989 IV,
549 953 612 982 106.

549 1046 596 1077 54.
620 1047 663 1078 De
682 1048 787 1077 saneto
808 1046 1029 1078 Bernhardino.

274 1127 321 1158 In
348 1127 378 1158 1·
404 1126 620 1166 vesperis,
883 1117 1026 1157 Eiusque
1048 1118 1154 1148 vitans
1179 1127 1336 1158 prospera

884 1164 1027 1204 Regnum
1051 1164 1110 1196 Dei
1137 1173 1197 1204 per
1221 1174 1335 1204 aspera

345 1209 541 1246 Antiphonae.
932 1211 1181 1244 Promerendum
1208 1213 1352 1246 coniecit.

149 1278 180 1310 1.
209 1276 362 1309 Senarum
388 1277 464 1309 civis
488 1277 625 1319 inclitus,
827 1270 857 1302 5-
883 1267 1079 1308 Dignitatum
1102 1269 1238 1309 iDSigssia

208 1324 352 1363 Superna
376 1325 446 1356 luce
470 1324 642 1368 praeditus,
883 1315 1022 1347 Refflsass
1046 1319 1078 1347 θῖ
1102 1315 1231 1356 fastigia

253 1371 493 1405 Bernhardinus
515 1372 691 1411 prudenter
932 1363 1170 1395 Bernllardissfls
1196 1364 1358 1407 honorum>

209 1417 341 1458 Semper
365 1427 471 1450 amase
495 1418 617 1451 studuit
883 1409 976 1450 Nam,
1008 1409 1133 1442 Christo
1159 1414 1194 1442 ut
1218 1419 1253 1443 se
1278 1411 1436 1452 praebuit,

206 1465 363 1498 Christum
380 1466 494 1509 Iesum,
522 1474 613 1506 quem
639 1467 746 1498 docuit
883 1457 925 1489 S&
947 1458 1109 1489 minimum
1133 1458 1278 1490 ffiffibflst

248 1512 404 1545 Revereri
425 1514 581 1546 decenter.
929 1506 969 1537 1¹1
994 1506 1107 1538 Ordine
1130 1506 1296 1540 minorum·

1000 1578 1046 1606 Ad
1064 1579 1244 1615 Magnificat.

812 1628 851 1661 A.
885 1627 909 1660 Ο
937 1627 1048 1659 doctor
1073 1629 1207 1670 egregie,

883 1674 907 1708 O
934 1675 1137 1714 praedicator
1163 1676 1294 1719 gratiae,

930 1722 979 1754 Tu
1006 1731 1060 1754 vas
1087 1724 1249 1755 electionis

979 1770 1064 1802 Fore
1087 1772 1242 1811 meruisti,

885 1816 1061 1849 salvatoris
1086 1819 1276 1858 praedicans

883 1863 1024 1904 Eiusque
1050 1866 1170 1897 eunetis
1195 1866 1342 1899 indicans

144 1599 174 1631 2.
202 1597 319 1630 Vivens
343 1597 376 1628 in
399 1598 580 1630 innocentia

200 1645 334 1677 Sanctus
359 1644 411 1676 hie
436 1644 475 1677 ab
501 1645 637 1677 infantia

252 1692 294 1724 Se
317 1692 385 1724 ‚Deo
413 1693 616 1735 consecravit,

202 1738 344 1771 Tandem
371 1740 461 1771 (lonis
485 1740 672 1772 caelestibus

201 1785 278 1817 Eius
303 1786 395 1818 bonis
420 1788 570 1827 operibus

251 1833 345 1865 Hunc
369 1833 455 1866 Deus
480 1834 690 1874 praedotavit.

151 1920 181 1951 3.
207 1917 271 1950 Hie
294 1918 435 1958 prudens
459 1919 569 1951 mundi
594 1920 731 1959 speciem
931 1911 1078 1944 summa&
1104 1913 1282 1946 dilectionis

206 1965 411 2004 Perpendens
435 1967 523 1999 velut
546 1967 679 2008 glaciem
978 1960 1101 1992 Nomen
1127 1961 1201 1992 ICSU
1230 1961 1369 2003 ΟῙΙΓῑδῒῘΞ

251 2013 407 2045 Lahffiter
426 2013 566 2058 dissolvi,
881 2006 933 2039 Ex
958 2010 990 2039 te
1015 2008 1100 2040 salus
1125 2010 1249 2049 populi,

203 2059 375 2092 Confestim
401 2061 483 2094 hano
508 2062 657 2103 deseruit,
883 2055 946 2087 Per
971 2057 1003 2086 ‘se
1029 2055 1167 2088 labeflffis
1192 2058 1311 2089 saecun

200 2107 241 2140 Se
265 2108 327 2140 sibi
351 2118 410 2140 nec
434 2110 567 2141 inseruit
928 2102 1146 2136 Remittuntur
1173 2105 1338 2137 criminum

247 2155 366 2188 Nolens
392 2165 411 2187 a
435 2156 503 2189 Deo
531 2157 622 2192 solvi.
977 2150 1095 2183 Sordes
1120 2153 1348 2197 praedicando,

881 2199 978 2230 Pater
1003 2208 1020 2231 o
1045 2198 1278 2240 Bernhardine,

135 2244 168 2274 4.
195 2241 361 2274 Francisci
386 2243 507 2275 einetus
533 2243 665 2276 sordula
878 2244 1001 2277 Horum
1025 2246 1070 2278 sis
1094 2255 1216 2280 memor
1237 2248 1272 2280 in
1295 2248 1369 2290 fine,

194 2289 423 2330 Contectusque
449 2291 590 2324 tunicula
926 2293 985 2333 Qui
1010 2297 1042 2325 te
1065 2300 1211 2337 poscunt,
1238 2295 1409 2330 Dominum

243 2337 392 2377 Pompam
419 2340 528 2371 mundi
550 2339 661 2371 reiecit
973 2343 1036 2375 Pro
1062 2343 1112 2375 his
1139 2344 1355 2384 deprecanda
