1653 2567
672 160 932 197 —165—

154 255 183 287 5.
211 254 342 288 Mariae
365 258 479 295 partus
505 255 631 297 seriem,

263 301 339 335 Cum
365 302 554 335 Bethlehem
579 304 730 345 venisset,

209 349 334 390 Sponsa
359 350 443 382 vidit
466 359 526 390 per
550 351 706 394 ordinem,

257 396 348 430 Tunc
371 397 461 430 velut
485 398 674 438 peperisset.

303 471 398 508 Super
420 473 606 501 Benedictus.

171 558 178 565 .
209 532 247 564 In
274 534 406 563 sanctae
430 532 516 563 vitae
540 531 647 563 studio

207 579 323 612 Mundi
351 579 486 611 decurso
512 578 617 610 stadio

253 627 423 667 Languens
433 635 584 666 sponsum
595 627 767 666 desiderat,

256 675 398 715 Sponsus
434 675 590 706 iucundus
615 678 770 716 properat

301 722 427 754 Blando
452 722 584 762 placans
602 731 766 756 sermone:

207 769 300 811 Veni,
326 770 511 809 praedulcis
536 768 613 812 filia,

208 817 310 850 Grata
334 817 487 849 virtutum
512 817 582 849 lilia

259 866 403 907 Portans,
423 866 455 896 in
474 864 583 905 sponsi
600 865 766 908 gremium,

257 912 409 946 Gustabis
436 913 528 944 dulce
552 913 730 951 praemium

299 961 480 1000 Perpetuae
505 968 650 993 coronae.

277 1055 325 1088 In
352 1056 384 1088 2.
411 1054 630 1096 Vesperis.

324 1129 372 1157 Ad
391 1129 573 1166 Mag-nificat.

166 1213 173 1220 .
208 1188 232 1220 O
260 1188 363 1220 Deum
387 1187 591 1227 ineffabilem,

205 1235 265 1274 Qui
290 1244 427 1275 sponsae
451 1237 551 1268 vitam
576 1235 726 1267 humilem

254 1283 370 1315 Arrhis
397 1284 514 1316 ditavit
538 1283 667 1323 optimis

252 1331 298 1363 Et
322 1340 406 1363 nunc
429 1331 462 1362 in
489 1332 576 1363 caelo
602 1331 748 1363 maximis

300 1378 483 1411 Honoribus
510 1378 658 1417 delectat,

205 1427 314 1466 Ipsam
339 1427 463 1467 magnis
487 1426 651 1458 miraculis

203 1473 360 1506 Exaltans
385 1474 439 1505 hic
462 1474 495 1505 in
519 1474 658 1516 populis,

250 1522 301 1553 De
324 1521 436 1553 mundi
459 1530 517 1553 nos
542 1521 723 1553 turbinibus

250 1569 390 1608 Ereptos
415 1569 497 1600 caeli
522 1568 645 1600 civibus

297 1615 376 1647 Eius
402 1625 498 1656 prece
524 1619 702 1649 connectat.

263 1700 385 1734 Infra
411 1702 620 1736 Octavam.

320 1777 366 1804 Ad
386 1778 571 1806 Benedictus.

128 1837 169 1869 A.
201 1836 225 1869 O
252 1835 402 1876 Birgitta,
428 1845 556 1868 murrae
581 1838 680 1876 gutta,

251 1884 429 1924 Exemplar
455 1884 678 1927 continentiae,

203 1930 377 1966 Confecisti
402 1932 491 1972 plebi
518 1932 638 1965 Christi

246 1980 469 2020 Emplastrum
494 1980 721 2021 paenitentiae,

198 2028 282 2061 Dum
308 2028 471 2068 scripsisti
495 2027 595 2061 verba
616 2028 746 2068 Christi,

245 2077 294 2109 Tu
319 2085 400 2108 nova
425 2077 481 2108 lux
509 2076 673 2120 ecclesiae,

199 2125 280 2157 Esto
306 2124 418 2167 tutrix,
446 2128 513 2157 esto
537 2124 647 2157 nutrix

243 2171 318 2205 Tibi
343 2181 465 2212 pronae
490 2171 640 2205 familiae.

322 2247 369 2275 Ad
384 2248 566 2284 Magnificat-

124 2308 164 2340 A.
195 2306 321 2347 Sponsa
344 2307 439 2348 regis,
469 2306 595 2340 doct-rix
619 2307 709 2348 legis,

242 2356 419 2395 Exemplar
453 2364 588 2396 sequens
614 2353 757 2395 fortium,

200 2403 225 2436 O
251 2403 400 2446 Birgitta‚
427 2404 527 2436 rubra
551 2403 643 2447 vitta,

244 2451 346 2484 Tuum
371 2452 479 2493 ligasti
503 2452 634 2492 labium,

829 534 870 566 A.

816 2356 857 2387 A.

904 261 988 293 Dum
1014 261 1172 301 loquendo
1198 262 1249 294 vel
1274 263 1410 295 tacendo

949 308 1077 340 Amasti
1101 307 1163 339 Dei
1187 308 1299 350 filium,

904 355 968 387 Ora
993 364 1110 396 regem,
1136 359 1173 387 ut
1196 365 1253 388 nos
1279 366 1407 399 gregem

950 402 1057 434 Ducat
1080 403 1122 435 ad
1149 404 1228 435 caeli
1253 406 1415 444 gaudium.

1019 478 1066 505 Aa
1085 478 1273 507 Benedictus.

901 534 1020 567 Sancta
1043 536 1191 577 Birgitta‚
1218 537 1389 571 Dominum

898 582 1011 614 Exora
1037 584 1329 629 clementissimum,

903 629 945 663 Ut
969 636 1044 670 post
1066 632 1177 663 mundi
1205 635 1362 676 exsilium,

899 677 964 709 Det
987 679 1079 711 nohis
1106 680 1187 710 caeli
1209 682 1370 720 gaudium.

1013 763 1059 790 Ad
1078 762 1262 798 Magnificat.

898 821 1046 862 Birgitta,
1074 822 1193 855 Christi
1218 824 1361 865 vernula,

899 868 1052 901 Caelestis
1078 871 1169 910 regni
1194 872 1322 903 saecula

898 916 1044 957 Indignis
1070 918 1162 951 nobis·
1186 919 1300 958 patula

894 964 987 996 Stent
1012 969 1069 997 tua
1093 974 1191 1006 prece
1215 967 1337 1000 sedula.

1009 1050 1055 1078 Ad
1074 1050 1264 1079 Benedictus.

897 1108 960 1140 Pro
985 1117 1083 1148 prece
1106 1108 1275 1152 Birgittae‚

945 1156 1042 1197 Deus,
1061 1157 1166 1189 omnia
1183 1166 1338 1197 prospera
1352 1158 1455 1201 mitte,

895 1203 997 1235 Nobis
1025 1205 1151 1236 dimitte

932 1252 1053 1291 probra
1059 1252 1194 1293 singula,
1200 1253 1361 1292 poscimus
1370 1252 1405 1285 id
1413 1255 1455 1284 te.

1016 1337 1062 1364 Ad
1081 1336 1264 1373 Magnificat.

897 1395 921 1427 O
947 1395 1035 1427 Deus
1060 1398 1201 1436 aeterne,

941 1452 999 1475 nos
1026 1443 1139 1484 dirige,
1166 1446 1308 1484 protege,
1337 1453 1442 1487 cerne,

895 1491 1022 1530 Proque
1046 1494 1121 1523 tuae
1147 1499 1264 1523 vernae

939 1546 1036 1577 prece
1064 1538 1236 1580 scandala,
1274 1539 1407 1571 crimina

1223 1589 1341 1618 sterne.

1010 1660 1057 1688 Ad
1075 1660 1263 1689 Benedictus.

893 1718 983 1759 Esto,
1012 1718 1133 1751 Christi
1157 1728 1277 1759 sponsa
1300 1721 1364 1760 pia,

894 1766 995 1798 Nobis
1021 1775 1149 1808 semper
1172 1767 1206 1798 in
1231 1767 1292 1800 hac
1316 1770 1371 1801 via

942 1815 1148 1847 Procuratrix
1173 1816 1295 1855 veniae,

894 1862 973 1894 Post
1000 1864 1082 1895 hanc
1105 1863 1203 1895 vitam
1221 1872 1344 1895 summe
1361 1863 1453 1896 sitam

894 1910 1088 1951 Angelorum
1113 1909 1271 1943 infinitam

940 1959 1041 1991 Posce
1066 1959 1175 1991 sedem
1200 1960 1332 2000 gloriae.

1014 2035 1060 2062 Ad
1078 2034 1260 2071 Magnificat.

892 2084 981 2117 Caeli
1004 2084 1107 2117 Deum
1133 2083 1283 2125 fideliter,

939 2132 1066 2173 Sponsa
1092 2132 1205 2172 dulcis,
1231 2141 1297 2172 ora,

892 2180 937 2213 Ut
960 2189 1018 2213 nos
1044 2181 1086 2213 ad
1111 2188 1146 2211 se
1171 2179 1309 2212 feliciter

938 2228 1045 2261 Ducat
1068 2229 1102 2261 in
1127 2228 1238 2260 mortis
1263 2228 1353 2261 hora.

1010 2304 1057 2332 Ad
1076 2303 1264 2332 Benedictus.

891 2353 1026 2393 Christe,
1052 2356 1187 2395 propter
1211 2356 1298 2387 tuam
1324 2363 1434 2387 necem

890 2403 999 2443 Atque
1023 2405 1099 2435 tuae
1124 2411 1260 2442 sponsae
1283 2412 1412 2443 precem

937 2450 989 2484 Da
1015 2459 1125 2483 carere
1152 2451 1247 2494 vitiis,
