1655 2568
696 71 930 108 -73—

344 168 370 195 5.
393 170 417 196 O
438 168 532 203 Anna,
554 171 646 196 mator
665 168 784 202 nobilis,
805 168 852 197 Ex
872 171 901 197 te
920 168 1123 197 desiderabilis

392 207 449 235 Est
469 209 533 235 orta
553 207 607 235 Dei
627 208 775 243 genet-rix,
795 206 868 235 Esto
889 207 973 235 nobis
996 207 1073 243 apud
1089 206 1234 234 Christum

661 246 716 273 Pia
736 246 937 273 interventrix.

246 284 286 311 111
306 282 332 310 2.
353 283 457 320 Vesp.
480 284 516 311 ad
535 284 635 320 Magn.
656 282 678 309 Α
701 283 774 312 fehlt
797 282 834 319 ῦς
855 283 879 311 O
900 283 970 311 felix
991 283 1078 311 Anna
1098 283 1204 310 ditavit
1225 285 1277 310 etc·
1298 282 1336 309 D.

636 375 682 406 26.
713 375 756 407 De
777 377 886 406 sancta
905 376 1002 407 Anna.

301 474 346 505 In
377 474 404 506 l.
431 473 649 514 Vesperis.

349 547 444 584 Super
463 548 607 576 Psalmos.

166 608 204 638 A.
236 605 364 638 Summa
389 606 457 638 laus
481 607 524 638 sit
548 608 692 647 genitori,

237 653 324 685 Proli
350 662 473 693 quoque
497 654 703 695 redemptori,

236 700 337 732 Nobis
362 698 476 733 flamen
501 702 542 733 sit
567 702 716 741 solamen,

237 747 360 780 Chorus
386 748 472 780 <licat
496 749 609 789 Amen,
635 750 746 783 Amen.

356 822 401 850 Ad
421 823 598 859 Magnificat.

199 905 205 911 .
237 880 368 912 Dulcem
397 881 522 913 Christo
547 881 717 914 melodiam

284 927 387 968 Digne
413 929 614 960 decantemus

239 974 283 1006 Et
308 984 435 1007 suavem
460 975 680 1016 symphoniam

284 1022 353 1061 ipsi
376 1031 559 1055 resonemus

236 1068 379 1109 Eiusque
403 1069 570 1110 benignam

284 1115 535 1149 Honorificemus

335 1164 570 1205 Genealogiam,

238 1209 302 1242 Sed
318 1219 398 1250 prae
415 1212 535 1243 cunctis
551 1212 648 1243 laude
665 1212 791 1252 dignam

287 1258 494 1290 Sublevemus

333 1307 458 1337 Annam
482 1306 578 1348 piam,

238 1354 323 1391 Quae
347 1352 437 1384 nobis
462 1351 644 1391 formosam,

241 1398 443 1439 &onerosam
469 1401 641 1439 pretiosam

239 1446 336 1478 Verni
360 1447 502 1487 paradisi
526 1456 630 1480 rosam

334 1494 450 1527 Genuit
473 1494 619 1527 Mariam.

300 1598 362 1630 Ad
392 1599 658 1631 Matutinum.

372 1673 588 1702 Invitatorium.

239 1731 320 1771 Regi
345 1731 469 1764 Christo
494 1731 662 1763 iubilemus

239 1778 284 1810 Et
310 1779 415 1811 devoti
441 1779 632 1810 exsultemus

239 1826 291 1867 Ei,
318 1827 370 1866 qui
396 1826 489 1858 hodie
514 1835 602 1858 suam

243 1874 330 1906 Piam
358 1874 520 1906 coronavit
544 1883 646 1908 avam.

301 1980 347 2011 In
378 1980 408 2012 1.
435 1978 621 2010 Nocturn
635 1988 663 2011 o.

386 2053 580 2089 Antiphctiae.

207 2136 215 2144 .
239 2112 425 2144 Admiretur
449 2111 536 2144 orbis
559 2115 718 2143 terrarum

287 2159 409 2191 Nomen
434 2162 532 2200 tuum,
558 2159 702 2199 Domine,

242 2207 320 2239 Cum
347 2208 387 2240 de
408 2205 569 2247 profundo
590 2207 795 2239 tenebrarum

288 2254 358 2287 Lux
384 2256 483 2296 surgit
508 2256 620 2287 Annae
645 2257 780 2288 nomine.

207 2337 215 2345 .
244 2312 330 2345 Caeli
356 2315 504 2345 enarrant
530 2313 661 2354 gloriam
687 2313 747 2345 Dei

241 2360 285 2392 Et
308 2360 341 2391 in
366 2359 444 2392 fines
469 2360 556 2393 orbis
581 2363 687 2393 terrae

916 447 1093 479 Personent
1118 446 1156 486 ei,

920 493 996 526 Cum
1023 494 1062 526 de
1086 493 1168 525 Iuda
1193 491 1335 524 exoritur

918 541 1021 581 Anna,
1047 543 1148 573 mater
1171 543 1301 572 sanctae
1324 539 1402 579 spei.

884 643 891 650 .
921 616 1010 648 Haec
1036 615 1197 656 consurgit

916 663 967 695 De
991 663 1194 704 generatione
1217 664 1375 694 rectorum

917 711 961 743 Et
985 719 1097 743 nomen
1125 711 1191 742 eius

918 759 954 789 ln
980 761 1143 790 aeternum
1165 757 1255 797 vivit,

918 805 986 838 Nec
1010 805 1042 836 in
1068 807 1168 836 morte
1195 805 1235 836 de
1259 806 1346 836 sorte

916 852 1085 885 Delebitur
1110 853 1291 884 electorum.

885 954 892 961 .
919 928 1064 960 Calamus
1091 928 1215 959 scribae

918 975 1078 1007 Velociter
1103 974 1272 1007 scribentis

918 1023 1062 1054 Exornet
1082 1023 1175 1054 huius
1200 1017 1330 1065 [gesta]
1357 1020 1446 1051 cuius

920 1069 1055 1102 Gressus
1079 1067 1287 1109 pulcherrimi

918 1117 1015 1156 Quasi
1037 1115 1124 1149 filiae
1147 1115 1304 1156 principis

919 1165 956 1196 In
984 1164 1214 1198 calceamentis,

885 1265 892 1272 .
919 1238 1170 1271 Tabernaculum
1195 1237 1257 1269 Dei

919 1286 1075 1318 Fluminis
1099 1285 1237 1325 impetus
1261 1283 1424 1323 laetificat,

920 1333 1004 1365 Dum
1028 1335 1122 1365 Anna
1147 1332 1210 1373 legi
1238 1332 1375 1364 obnoxia

918 1381 1013 1413 Prole
1038 1380 1138 1413 multa
1162 1379 1343 1412 fructificat.

874 1451 893 1481 ”,
919 1447 1055 1488 Magnus
1080 1449 1188 1478 noster
1213 1446 1367 1478 Dominus

965 1495 1118 1534 Magnam
1142 1493 1359 1533 magnificavit

914 1542 958 1575 Et
984 1550 1088 1574 coram
1115 1541 1235 1573 cunctis
1260 1540 1389 1581 regibus

967 1590 1049 1622 Eam
1073 1588 1264 1623 mirificavit.

1055 1665 1265 1700 Responsoria.

886 1749 893 1756 .
920 1722 1132 1755 Decantemus
1156 1722 1216 1754 hac
1239 1722 1271 1753 in
1298 1721 1350 1753 die

922 1771 989 1802 Deo
1015 1770 1127 1802 laudes
1153 1769 1347 1809 harmoniae,

921 1818 998 1851 Cum
1025 1817 1167 1857 exsurgit
1190 1817 1230 1848 de
1254 1817 1375 1850 Iudaea

921 1865 1041 1898 Norma
1064 1865 1149 1897 vitae
1171 1868 1202 1896 et
1227 1865 1308 1902 idea,

966 1914 1058 1944 Anna
1084 1912 1284 1956 beatissima3

882 1988 889 1995 ,
920 1959 1014 1992 Sume
1041 1963 1122 1999 vota,
1149 1961 1222 1992 Iesu
1248 1959 1384 2000 Christe,

922 2007 1006 2046 Quae
1033 2008 1192 2048 depromit
1218 2008 1335 2039 chorus
1360 2008 1422 2039 iste

969 2056 1079 2087 Mente
1105 2055 1319 2087 devotissima.

890 2150 896 2156 .
922 2121 1097 2163 Egreditur
1122 2131 1195 2154 rosa
1221 2122 1261 2153 <le
1285 2122 1382 2161 spina

970 2170 1019 2202 De
1045 2170 1165 2209 campis
1189 2169 1390 2211 Ierichontis,

927 2217 1022 2249 Cuius
1048 2218 1128 2250 odor
1153 2221 1202 2250 est
1226 2217 1318 2250 ruina

970 2265 1015 2298 Et
1039 2274 1140 2305 pavor
1164 2265 1366 2305 Acherontis,

924 2313 991 2346 Nos
1017 2322 1076 2354 por
1102 2322 1180 2353 earn,
1208 2313 1345 2354 Christe,
1372 2315 1463 2349 salva

969 2362 1019 2394 Ab
1046 2361 1119 2402 igne
1143 2362 1379 2404 Phlegetontis3
