1653 2567
660 128 919 165 —168-

265 230 313 261 In
338 230 370 262 3.
393 228 626 261 Nocturno.

348 310 544 348 Antiphonae.

152 381 182 413 1.
210 379 331 418 Gaude,
357 378 504 420 Birgitta,
532 378 688 410 canticum

252 426 327 459 Tibi
353 427 486 458 debetur
509 426 638 467 gloriae,

204 473 316 506 Deduc
336 474 368 505 in
395 471 594 513 refrigerium

251 521 300 553 De,
324 521 396 552 lacu
419 529 476 551 nos
501 520 658 552 miseriae.

144 598 175 630 2.
203 595 274 628 Lux
300 599 370 628 orta
394 596 476 627 iusto
501 596 626 628 nuntiat

254 643 364 675 Rectis
390 643 486 675 corde
510 643 676 684 laetitiam,

210 691 305 722 Cuius
332 690 483 730 splendor
507 690 665 722 illuminat

257 738 364 769 Solum
388 742 567 779 paternum,
593 737 746 770 Sueciam.

161 815 192 846 3.
215 812 362 852 Exsulta,
390 812 464 845 Sion
488 811 563 850 filia,

257 860 400 892 Psallens
425 859 509 891 tubis
537 858 707 890 ductilibus

211 906 359 939 Chorizas
383 908 468 939 inter
491 906 559 938 lilia

258 954 369 987 Choris
394 955 502 986 iuncta
527 952 724 987 caelestibus.

345 1048 553 1084 Responsoria.

158 1116 188 1148 1.
217 1115 240 1147 O
267 1115 375 1147 canale
399 1114 648 1155 mundissimum,

257 1163 322 1194 Per
356 1162 439 1202 quod
465 1162 505 1193 de
531 1162 610 1192 caeli
636 1161 767 1193 cardine

210 1209 299 1242 Fluit
322 1212 358 1241 ut
381 1219 433 1241 ros
460 1209 617 1249 eloquium

258 1258 398 1297 Ignitum
422 1260 532 1288 sancto
556 1254 692 1298 fiamine,

212 1304 338 1336 Mentes
359 1305 557 1335 inflammans
582 1303 743 1335 hominum

259 1351 417 1383 Interiore
440 1350 576 1389 lumine3

144 1398 182 1432 V.
214 1398 286 1438 Ora,
313 1398 459 1438 Birgitta,
486 1397 665 1437 Dominum,

211 1446 257 1480 Ut
282 1454 338 1477 nos
363 1448 438 1485 post
461 1445 545 1477 vitae
567 1445 735 1476 terminum

261 1492 427 1525 Caelorum
451 1492 535 1524 locet
559 1493 692 1532 agmine.

156 1570 188 1601 2.
213 1567 355 1600 Devotas
378 1568 449 1599 odit
470 1567 618 1599 lacrimas

260 1615 381 1654 Hostis,
409 1618 576 1656 corruptor
601 1614 729 1656 saeculi,

210 1661 317 1694 Novas
343 1665 437 1702 parat
460 1661 593 1695 astutias

261 1710 425 1742 Planctum
438 1709 623 1741 dissuadens
629 1708 765 1750 parvuli,

212 1756 311 1797 Fugit
335 1757 469 1788 tendens
493 1756 626 1788 insidias

263 1803 364 1845 Aquis
389 1802 537 1844 perfusus
564 1804 662 1844 oculi3

140 1852 175 1884 V.
209 1851 280 1883 Illic
305 1850 402 1890 fregit
426 1851 583 1890 potentias

212 1899 263 1931 De
289 1898 375 1930 caelo
403 1898 481 1930 daus
505 1898 655 1930 victorias

258 1945 368 1978 Divini
391 1954 454 1977 vox
479 1945 608 1978 oraculi.

156 2023 187 2056 3.
215 2022 239 2054 O
266 2020 364 2053 facies
389 2021 542 2062 Mosaica,

262 2068 344 2101 Solis
371 2077 538 2101 coruscans
563 2069 672 2107 radiis,

217 2117 398 2150 Sanctitate
422 2115 599 2156 magnifica,

258 2164 385 2205 Magnis
411 2165 534 2196 clarens
558 2164 724 2204 prodigiis,

211 2213 250 2245 Iu
269 2211 378 2252 requie
402 2210 536 2252 pacifica

262 2259 378 2299 Sponsi
400 2259 510 2291 fruens
538 2259 713 2303 encaeniis3

137 2308 183 2341 V.
212 2308 237 2341 O
264 2305 383 2338 femina
404 2306 548 2348 mirifica,

212 2353 375 2388 Continuis
399 2354 539 2387 laetifica

259 2402 375 2435 Servos
398 2405 470 2435 tuos
495 2403 678 2443 praesidiis.

984 225 1030 257 In
1053 223 1285 257 Laudibus

1032 326 1227 364 Antiphonae.

853 430 859 435 .
886 406 1015 438 Patrem
1039 404 1200 436 collaudat
1224 404 1378 436 luminum

888 452 1021 492 Sponsa:
1047 455 1122 491 post
1145 452 1233 484 cuius
1258 451 1377 483 obitum

935 499 995 532 Tot
1019 499 1101 531 fiunt
1123 499 1293 541 mirabilia,

889 548 951 580 Per
975 550 1105 579 sanctae
1128 546 1214 579 vitae
1238 547 1379 578 studium

889 595 1069 635 Famaeque
1091 594 1306 627 testimonium

938 641 1005 674 Iam
1031 641 1118 673 facta
1142 641 1319 676 credibilia.

856 742 863 748 .
891 716 1018 748 Relicta
1042 719 1130 749 terra
1156 716 1288 757 propria

890 764 1000 807 Roma,
1029 764 1201 796 communis
1228 764 1344 804 patria,

935 811 1073 844 Matrem
1099 812 1226 852 collegit
1249 812 1398 852 iubilans‚

892 859 929 892 ln
953 859 1080 899 hymnis
1105 860 1205 892 intrat
1229 859 1321 899 atria,

892 907 974 938 Vota
998 907 1107 939 reddit
1131 907 1274 939 salubria

939 953 1074 987 Sanctos
1100 955 1249 986 decenter
1273 953 1417 986 visitans

862 1055 868 1061 .
893 1029 947 1061 Ad
973 1032 1005 1060 te
1032 1029 1072 1061 de
1095 1029 1166 1061 luce
1189 1029 1310 1070 vigilat,

892 1075 989 1118 Deus,
1016 1085 1134 1116 sponsa
1159 1085 1250 1115 quem
1274 1076 1449 1117 praedicat,

941 1124 1041 1156 Tuam
1066 1123 1201 1155 laudans
1227 1124 1401 1163 potentiam

892 1170 995 1202 Facta
1020 1170 1124 1202 carnis
1149 1170 1331 1211 mortificat,

892 1217 1029 1249 Fructus
1056 1217 1153 1249 bonos
1179 1217 1372 1257 multiplicat

940 1265 1075 1304 Ageudo
1099 1265 1338 1304 paenitentiam.

861 1364 867 1371 .
895 1339 1012 1371 Noctes
1037 1342 1068 1372 et
1094 1340 1160 1372 dies
1184 1339 1321 1372 Domino

894 1387 1057 1427 Impendit
1080 1387 1159 1419 haec
1182 1387 1337 1419 altissimo

939 1434 1057 1466 Aestus
1083 1444 1194 1467 arcens
1220 1434 1404 1475 frigoribus,

895 1482 1044 1514 Membra
1071 1482 1179 1514 domat
1203 1482 1308 1513 cilicio

898 1528 974 1561 Gum
999 1529 1201 1561 lacrimarum
1226 1528 1322 1561 fluvio

942 1576 1059 1609 Mundi
1085 1577 1215 1609 calcatis
1241 1576 1366 1617 opibus.

864 1679 869 1684 .
895 1652 1041 1684 Excelsis
1069 1653 1163 1693 digna
1186 1652 1335 1685 laudibus

896 1699 1035 1739 Birgitta
1058 1700 1241 1732 nationibus

945 1746 1129 1779 Vindictam
1154 1747 1279 1786 clamat,
1307 1748 1428 1779 scelera

898 1794 1018 1834 Magna
1043 1795 1164 1827 revelat
1190 1795 1328 1837 regibus,

899 1841 992 1874 Unde
1018 1851 1087 1874 cum
1112 1843 1230 1875 sanctis
1256 1843 1400 1875 omnibus

944 1888 1098 1921 Exsultat
1121 1898 1218 1930 super
1242 1890 1359 1923 sideru.

1019 2002 1066 2030 Ad
1084 2001 1271 2031 Benedictus.

861 2096 867 2102 .
901 2067 1028 2101 Corona
1052 2078 1170 2108 sponsa
1190 2070 1349 2111 praedita,

943 2117 1152 2150 Praesentata
1175 2127 1234 2157 per
1258 2118 1424 2159 virginem,

901 2163 1033 2197 Plebem
1060 2165 1206 2198 devotam
1232 2166 1336 2207 visita,

949 2211 1049 2244 Tuam
1075 2221 1151 2253 rege
1174 2214 1378 2255 progeniem3

902 2259 1056 2292 Umbram
1081 2261 1193 2293 mortis
1219 2261 1365 2294 illumina

948 2307 1060 2342 Noctis
1086 2307 1177 2341 aufer
1202 2309 1379 2351 caliginem,

900 2357 1003 2388 Pedes
1028 2358 1154 2389 nostros
1179 2356 1318 2391 iustifica

946 2404 985 2437 In
1009 2404 1099 2444 pacis
1122 2405 1406 2445 pulchritudinem.
