1653 2567
303 214 462 255 Aegidius
488 216 521 246 et
543 216 765 260 Veredemius‚

350 261 449 303 Signa
471 262 602 295 insimul
628 269 798 305 operantes

397 308 580 342 Multifaria

260 382 267 389 .
298 357 344 389 Et
367 357 608 390 seminaverunt
632 369 725 400 agros

299 404 344 436 Et
368 405 598 445 plantaverunt
622 407 742 440 vineas.

267 487 272 493 .
300 461 525 494 Veredemium
556 471 632 504 ergo

348 509 490 550 Corpore
514 519 578 542 non
603 513 711 543 mente

393 557 590 597 Relinquens

297 604 468 638 Desertum
497 605 623 646 petivit,

344 653 410 686 Ubi
434 652 543 684 herbis
569 655 602 684 et
627 662 710 694 aqua

392 700 565 733 Contentus

297 747 389 780 Solus
414 748 475 780 soli
499 748 637 780 Domino

392 796 541 828 Servivit.

255 870 261 876 .
293 843 353 882 Qui
377 852 436 884 per
462 852 590 876 corvum

341 891 502 924 Pascebat

388 939 495 971 Eliam

293 987 370 1026 1pse
399 987 572 1027 Aegidium

341 1034 521 1066 Reficiebat

390 1083 455 1115 Per
486 1090 623 1114 cervam.

258 1165 265 1171 .
292 1138 500 1171 Sanctissime
529 1138 648 1171 Christi

296 1186 468 1219 confessor
489 1186 623 1227 Aegidi,

342 1234 407 1267 Ora
430 1242 489 1273 pro
514 1233 607 1266 nobis

290 1282 330 1314 In
356 1283 528 1321 conspectu
552 1281 692 1322 Domini,

336 1330 384 1363 Ut
413 1329 453 1362 de
476 1330 661 1369 praeteritis

383 1377 481 1410 Malis
506 1377 632 1409 veniam

335 1425 380 1457 Et
407 1425 447 1458 de
471 1423 588 1456 futuris

288 1472 421 1513 Semper
445 1481 625 1505 mereamur

383 1520 514 1553 Habere
545 1520 732 1554 custodiam.

247 1590 255 1597 .
285 1568 345 1608 Qui
369 1569 517 1601 arborem
539 1568 696 1602 virtutum

338 1615 512 1648 ascendisti
538 1625 609 1647 cum
633 1616 788 1660 Zachaeo‚

290 1664 354 1696 Pro
380 1663 580 1705 supplicibus
605 1664 669 1696 tuis

340 1712 510 1752 dignanter
533 1712 684 1752 supplica
707 1712 787 1745 Deo.

349 1837 395 1869 In
422 1837 453 1869 3.
481 1836 713 1870 Nocturno.

432 1911 629 1949 Antiphonae.

251 1995 259 2004 .
284 1971 403 2004 Beatus
429 1970 585 2012 Aegidius

332 2020 515 2052 Adiunctus
542 2022 591 2051 est
617 2020 743 2054 cuidam

380 2067 581 2111 Veredemi0‚

282 2115 418 2148 Sanctus
444 2117 566 2156 sancto,

332 2164 379 2198 Ut
403 2164 557 2196 sanctitas
582 2164 715 2196 alterius

381 2211 645 2252 Cognosceretur.

248 2295 255 2303 .
281 2269 342 2303 Vir
365 2279 430 2302 non
453 2269 601 2302 modicae

281 2318 321 2351 In
348 2318 475 2351 Christo
501 2316 576 2350 fidei

283 2367 373 2399 Ostia
397 2367 519 2399 Romae

285 2414 354 2447 Sibi
378 2414 502 2447 tradita
528 2414 689 2446 commisit

868 124 1008 159 23-

991 222 1165 262 Tiberique

991 270 1045 302 Ad
1069 271 1293 303 monasterium
1320 273 1422 312 patris

987 318 1083 356 Quasi
1113 317 1199 349 Petri
1224 327 1284 358 per
1308 329 1397 352 mare

991 365 1171 397 Ferebatur
1196 367 1350 407 vestigiis.

933 422 963 454 3.
991 421 1090 454 Serve
1114 421 1176 453 Dei
1202 423 1277 463 vivi,

1035 470 1223 502 miserorum
1247 473 1369 512 pastor,
1396 473 1524 514 Aegicli‚

988 516 1084 549 Nunc
1113 517 1184 556 pius
1211 519 1337 560 exaudi,

1036 564 1121 605 quod
1137 574 1195 597 nos
1213 567 1355 598 canimus
1372 566 1431 599 tibi
1445 568 1544 603 laudi.

1124 659 1333 695 Responsoria.

928 717 959 749 1.
985 719 1052 751 Iam
1080 717 1252 750 Dominum
1277 718 1398 761 laudet,

1033 767 1086 806 qui
1112 773 1147 796 se
1171 765 1225 805 pie
1249 766 1359 799 vivere
1383 768 1510 809 gaudet,

985 813 1031 846 Ut
1054 816 1148 854 pater
1171 813 1226 845 hic
1245 813 1335 856 vixit,

1030 862 1084 901 qui
1108 861 1227 893 mundo
1253 870 1288 892 se
1312 862 1487 905 crucifixit3

916 908 951 942 V.
982 909 1082 942 Dives
1108 909 1192 940 enim

1031 965 1155 997 pauper
1179 955 1295 997 fuerat,

983 1004 1127 1037 Moriens
1154 1004 1273 1036 cotidie

1029 1051 1166 1085 Domino
1191 1052 1330 1084 vivebat.

924 1110 955 1143 2.
983 1110 1054 1142 Vox
1081 1109 1248 1141 clamantis
1274 1112 1344 1141 erat

1028 1156 1101 1196 sibi,
1132 1157 1206 1188 dum
1233 1157 1361 1189 deserta
1385 1159 1527 1200 petebat,

980 1204 1195 1245 Ingrediendo
1220 1204 1290 1237 vias

1029 1252 1127 1284 eremi
1150 1252 1238 1284 velut
1262 1252 1345 1284 alter
1367 1253 1468 1297 Elias=

908 1300 946 1333 V.
976 1301 1162 1333 Associatus
1188 1300 1227 1340 ei,

1031 1349 1085 1388 qui
1110 1346 1182 1380 fons
1206 1348 1279 1388 pius
1306 1351 1354 1381 est
1379 1350 1507 1389 requiei.

921 1407 951 1440 3.
978 1406 1125 1439 Moribus
1149 1405 1232 1437 uniti

1024 1463 1079 1486 vos
1106 1461 1201 1485 verae
1225 1453 1347 1493 iungite
1370 1454 1438 1498 viti,

978 1501 1025 1534 Ut
1049 1504 1141 1542 pater
1167 1501 1220 1532 hic
1236 1501 1349 1542 suevit,

1025 1550 1079 1589 qui
1101 1549 1210 1581 mundi
1235 1549 1354 1589 gaudia
1376 1550 1510 1590 sprevit,

980 1596 1183 1629 Fructiferae
1207 1597 1283 1628 vitis

1026 1646 1107 1678 odor
1131 1646 1168 1675 ut
1191 1653 1250 1684 per
1278 1645 1405 1677 saecula
1430 1646 1511 1689 sitis,

908 1693 947 1727 V.
977 1693 1070 1725 Pacis
1096 1693 1288 1732 tranquillae

1027 1741 1171 1773 sitientes
1200 1740 1318 1781 gaudia
1341 1741 1439 1774 mille.

1066 1867 1114 1899 In
1139 1865 1376 1901 Laudibus,

1128 1951 1326 1987 Antiphonae.

918 2021 948 2054 1.
975 2021 1046 2053 Rex
1070 2020 1271 2053 Francorum
1297 2020 1438 2052 Karolus

975 2069 1144 2109 Quoddam
1173 2068 1374 2109 perpetravit
1399 2067 1532 2113 facinus,

976 2117 1066 2157 Quod
1088 2116 1170 2148 nulli
1196 2116 1304 2148 dicere
1328 2125 1422 2149 ausus

975 2164 1084 2197 Sancti
1109 2164 1241 2204 Aegidii

1023 2211 1258 2245 commendavit
1282 2212 1441 2251 precibus

916 2272 949 2304 2.
974 2270 1075 2303 Beato
1101 2268 1239 2309 Aegidio

1022 2327 1082 2358 pro
1107 2317 1229 2350 Karolo
1255 2326 1331 2358 rege

974 2367 1066 2399 Inter
1089 2365 1219 2398 missam

1023 2413 1225 2455 supplicante
1249 2415 1387 2448 Domino
