1653 2567
277 266 324 297 In
350 267 382 298 2.
407 264 624 303 Vesperis.

328 367 374 394 Ad
392 365 570 401 Mag-nificat.

143 462 182 493 A.
216 461 389 494 Exsultans
413 462 445 492 in
470 460 544 493 filiis

212 508 357 540 Laudum
383 517 452 539 cum
477 508 634 548 obsequiis

266 556 378 588 Cordis
404 564 442 587 ex
467 556 590 587 laetitia

261 602 402 635 Alleluia

260 650 418 682 Oonsonet
444 650 595 692 ecclesia3

663 139 921 174 -246-—-

891 234 968 265 Dies
994 236 1043 265 est
1068 232 1221 265 victoriae

890 281 1045 320 Martyris
1071 280 1214 322 eximiae,

944 327 1086 360 Celebris
1111 327 1273 369 memoria,

940 376 1081 408 Alleluia

942 423 1102 455 Consonet
1125 422 1276 464 ecclesia;

892 469 1016 510 Lapsus
1043 479 1116 509 ergo
1144 469 1309 501 criminum

892 517 995 549 Huius
1020 517 1106 558 apud
1132 516 1301 549 Dominum

941 564 1106 597 Excusent
1130 563 1293 604 suffragia,

939 613 1081 644 Alleluia

943 659 1103 691 Consonet
1128 659 1272 691 ecclesia.

215 725 332 759 Antiph.
362 733 403 752 ms
442 724 566 752 Gelense
593 732 666 752 saec.
696 723 741 752 15.
782 723 850 751 Ood.
877 723 905 751 S.
927 725 1082 760 Dympnae
1108 724 1208 752 Gelen.
1236 733 1259 752 s.
1287 733 1316 751 n.
1342 740 1380 744 —
1406 724 1447 751 In

144 760 167 789 1.
189 763 296 798 Vesp.
318 761 339 788 Α
363 761 387 795 1,
408 760 428 789 4
447 762 579 790 Iubilans
602 762 682 795 Gela,
701 762 873 790 Korrektur.
894 777 929 781 ——
950 763 991 789 In
1014 761 1037 790 1.
1055 762 1156 791 Noct.
1174 760 1194 788 Β
1220 761 1243 795 1,
1260 761 1277 789 2
1296 762 1398 790 Floret
1415 764 1447 789 in

141 799 220 832 Gela,
241 801 410 828 Korrektur.
431 814 467 818 —
487 801 553 832 (Die
573 800 678 828 beiden
701 809 738 827 zu
762 800 869 827 diesem
892 799 1025 828 Officium
1047 801 1206 836 gehiirigen
1226 800 1364 835 Hymnen
1386 801 1446 837 vgl.

139 837 223 865 Ami.
243 839 353 872 xxm,
376 835 450 872 162.)

575 977 620 1008 88.
653 977 697 1009 De
717 979 823 1009 sancto
844 978 1011 1010 Edmundo.

282 1065 328 1096 In
354 1065 384 1097 1.
412 1064 623 1103 vesperis.

351 1138 546 1172 Antiphonae.

159 1194 189 1226 1.
217 1193 334 1237 Gaude,
363 1195 448 1234 Sion,

260 1245 370 1274 ornata
394 1244 555 1282 tympano,

210 1288 315 1320 Decor
338 1292 410 1320 ‘tuus

260 1337 440 1368 coniunctus
466 1336 609 1376 galbano,

210 1382 322 1414 Lauda
345 1383 434 1415 illum

258 1430 385 1462 chordis
410 1433 443 1461 et
466 1439 594 1472 organo,

213 1476 307 1508 Cuius
331 1485 447 1516 sponsa

257 1524 345 1555 venit
369 1532 386 1555 a
407 1523 540 1559 Libano.

151 1580 182 1612 2.
211 1580 329 1611 Christi
353 1581 456 1618 iugum

257 1627 444 1659 Edmundus
470 1629 586 1661 teneris

208 1674 405 1706 Adulescens

259 1721 399 1760 portavit
426 1722 576 1763 l1umeriS‚

210 1767 387 1800 Virtutibus

259 1823 293 1846 se
317 1816 447 1855 iungens
472 1817 596 1856 superis

211 1862 353 1894 Minorat
377 1871 411 1893 se

259 1911 363 1942 tamen
389 1919 467 1949 prae
493 1912 616 1943 ceteris.

154 1967 183 1998 3.
211 1966 241 1996 A
269 1966 414 1999 convalle
437 1967 637 2000 lacrimarum

257 2013 310 2045 Ad
337 2013 416 2045 caeli
441 2013 601 2055 fastigium

210 2060 304 2092 Ponit
327 2060 444 2101 gradus
468 2064 642 2102 gratiarum

257 2108 435 2148 Implorans
461 2110 621 2153 auxilium,

209 2154 310 2235 Q
338 2156 421 2187 vitae
444 2165 485 2187 ne
509 2158 630 2189 viarum

307 2203 402 2235 olinet
426 2203 459 2235 in
484 2203 613 2237 invium.

150 2260 181 2292 4.
207 2259 272 2291 Iste
294 2263 405 2299 pastor

257 2306 368 2346 dignus
393 2310 554 2351 memoria,

208 2354 306 2395 Virga
332 2356 418 2387 cuius

253 2400 381 2442 fugatur
403 2403 515 2445 bestia,

890 1067 963 1099 Vita
988 1068 1076 1099 cuius

938 1115 1056 1146 occidit
1081 1114 1167 1156 vitia,

887 1161 979 1193 Finis
1006 1163 1092 1193 cuius

935 1208 1006 1241 finit
1030 1210 1063 1241 in
1088 1209 1200 1248 gloria.

851 1311 858 1318 .
889 1284 1012 1316 Vallem
1042 1284 1152 1315 mundi
1175 1286 1241 1316 tam
1266 1284 1420 1325 profundi

937 1332 1062 1364 Munda
1085 1332 1202 1363 transit
1226 1333 1332 1365 orbita

890 1379 950 1411 Pes
974 1378 1148 1418 Edmundi,
1174 1388 1216 1410 ne
1241 1379 1394 1412 confundi

937 1426 1045 1458 Possit
1066 1425 1167 1457 virtus
1192 1427 1313 1467 inclita,

890 1472 946 1504 Nil
970 1473 1124 1505 immundi
1151 1475 1256 1505 cordis
1281 1475 1393 1507 mundi

935 1520 1108 1560 Reperitur
1133 1522 1264 1561 semita3

851 1592 856 1597 .
890 1567 966 1600 Cum
994 1568 1097 1600 olivae
1119 1577 1206 1600 ramo
1232 1569 1318 1601 redit

935 1615 989 1647 Ad
1014 1623 1120 1647 arcam
1145 1616 1179 1647 in
1205 1625 1348 1658 vespere,

888 1661 960 1693 Non
985 1663 1119 1701 invenit,
1145 1664 1231 1696 unde
1257 1665 1354 1708 venit,

937 1710 1004 1749 Quo
1028 1710 1132 1750 possit
1157 1711 1331 1751 quiescere.

1009 1812 1054 1840 Ad
1073 1813 1252 1850 Magnifieat.

850 1910 857 1917 .
888 1888 1075 1928 Magnifioat

938 1936 1042 1970 anima
1067 1936 1248 1979 Dominum,

889 1983 965 2022 Qam
991 1984 1096 2024 sigillo

936 2031 1074 2071 signavit
1097 2033 1260 2074 luminum,

889 2077 989 2116 Quam
1015 2080 1178 2120 propriam

933 2134 1045 2158 cruore
1069 2129 1200 2168 proprio

887 2172 955 2204 Sibi
980 2172 1057 2206 fecit

936 2222 1040 2253 crucis
1064 2221 1214 2261 ludibrio,

888 2268 987 2307 Quam
1012 2270 1171 2304 viventem

933 2317 1058 2349 ornavit
1079 2318 1193 2361 gratia,

887 2363 974 2402 Quae
998 2366 1072 2404 post
1096 2369 1230 2398 mortem

935 2411 1014 2445 vivit
1038 2413 1072 2445 in
1097 2415 1210 2453 patria.
