1653 2567
696 93 928 128 „64—

616 187 656 218 21,
687 186 730 217 De
751 187 862 218 sancta
882 186 979 218 Anna,

291 258 336 289 In
363 258 393 290 1.
421 257 643 297 Vesperis.

364 331 558 367 Antiphonae.

164 391 193 425 1.
215 390 309 422 Felix
334 390 430 431 orbis,
458 389 535 422 felix
560 389 648 429 hora,

269 438 355 470 Dum
378 440 444 470 stat
466 438 549 469 inter
573 436 657 469 filias

220 486 315 518 Anna
341 485 427 518 velut
450 485 504 517 lux
531 485 646 518 decora

268 533 395 565 Morum
422 532 499 565 dans
525 532 692 573 primitias,

165 592 196 623 2.
226 589 389 622 Genetrici
415 598 491 622 suae
518 590 611 629 digne

270 637 447 677 Praeparat
470 637 632 680 palatium,

223 685 337 717 Annae
363 693 476 724 corpus
504 685 576 717 dum
603 684 725 723 insigne

272 731 366 764 Creat
390 731 494 764 factor
519 732 667 764 omnium.

164 792 195 823 3.
224 789 321 828 Quam
338 788 537 828 praeclarum
555 790 586 819 et
599 788 772 820 iucundum

268 836 330 868 Est
353 837 466 868 Annae
493 836 720 879 corpusculum,

221 884 260 916 In
285 892 345 923 quo
369 883 456 915 Deus
481 883 575 915 matri
598 883 751 914 mundum

273 932 419 963 Praestat
443 930 667 964 habitaculum,

162 991 193 1021 4.
221 987 307 1027 Ager
330 988 443 1019 Annae
467 995 571 1018 rosam
595 985 708 1019 florum

269 1034 405 1066 Protulit
435 1037 464 1065 et
488 1034 599 1075 lilium,

221 1081 307 1113 Rosa
330 1079 456 1119 florens,
485 1090 533 1118 en,
561 1081 707 1113 decorum

269 1127 397 1161 Profert
423 1128 484 1160 Dei
508 1127 616 1161 filium.

164 1187 195 1219 5.
221 1185 386 1217 Mediante
410 1184 501 1217 nobis
526 1186 620 1216 Anna

264 1232 439 1264 Mediatrix
465 1233 615 1270 nascitur,

224 1279 318 1312 Cuius
345 1282 456 1311 ventre
482 1279 574 1311 dulce
597 1288 713 1312 manna

267 1327 422 1359 Mundum
447 1335 563 1358 sanans
588 1327 698 1359 oritur.

337 1401 384 1429 Ad
402 1403 434 1430 M
436 1400 580 1437 agnificat.

149 1460 190 1491 A.
220 1459 320 1498 Quam
344 1458 441 1502 felici,
469 1469 560 1499 quam
586 1459 680 1492 beata

222 1507 315 1539 Sorte
341 1508 428 1539 carni
451 1508 598 1546 copulata

267 1554 407 1595 Virginis
433 1557 482 1586 est
506 1555 627 1586 anima!

222 1601 303 1634 Nam
328 1611 385 1643 per
411 1611 478 1634 eam
502 1602 534 1632 in
561 1604 705 1633 materna

222 1649 370 1681 Membra
394 1650 481 1681 Deus
508 1650 563 1681 dat
587 1658 725 1689 superna

270 1696 394 1729 Gaudia
418 1697 620 1736 permaxima.

221 1743 332 1784 Neque
356 1744 461 1776 verbis
488 1743 646 1783 explicata

221 1790 304 1823 Sciri
327 1792 392 1823 iam
415 1794 492 1823 tunc
516 1792 627 1823 Annae
652 1792 728 1823 <lata

269 1839 397 1872 Summa
423 1838 615 1878 consolatio;

219 1886 265 1919 Ut
288 1896 352 1927 pax
376 1887 437 1919 Dei
463 1886 553 1918 nobis
580 1886 681 1928 detur,

219 1934 291 1967 Hoc
315 1933 458 1966 sublimis
484 1936 634 1973 operetur

266 1983 380 2014 Annae
406 1981 599 2022 deprecatio.

286 2086 347 2119 Ad
373 2086 637 2118 Matutinum.

353 2162 570 2190 Invitatorium.

220 2219 367 2260 Mariam,
393 2222 520 2253 Annam
546 2224 733 2253 venerantes

270 2268 385 2300 Venite
409 2268 588 2308 iubilemus,

222 2314 408 2348 Sanctarum
435 2316 517 2348 festa
543 2316 741 2350 celebrantes

268 2363 429 2396 Summum
438 2367 582 2397 sanctum
595 2365 773 2397 adoremus.

843 411 872 444 1.

842 810 871 842 3.

831 1395 867 1429 V.

843 1549 874 1581 2.

959 257 1005 289 In
1032 258 1062 291 1.
1090 256 1321 289 Nocturno.

1043 342 1237 377 Antiphonae.

900 410 1014 443 Annae
1037 410 1270 442 matrimonium

948 459 1033 489 Vera
1058 457 1205 489 castitate

901 505 982 537 Prae
1008 506 1128 537 cunctis
1152 504 1333 536 mortalium

947 553 1128 585 Praecessit
1150 552 1274 584 beatae.

869 634 876 641 .
902 609 1037 642 Florens
1063 608 1272 642 sanctimonia

947 658 1015 689 Iam
1040 656 1145 697 gravis
1171 658 1286 698 aetate,

900 704 1000 736 Plena
1023 713 1139 744 magna
1164 703 1267 744 gratia

944 751 1048 783 Ardet
1076 751 1217 783 caritate.

900 812 993 840 Anna
1021 808 1128 847 plorat
1152 810 1183 839 et
1207 807 1359 846 implorat

948 856 1040 888 Dona
1065 856 1165 887 sancti
1191 855 1333 895 spiritus,

902 902 1028 934 Caelum
1055 905 1143 934 rorat
1168 905 1200 933 et
1221 902 1341 934 irrorat

950 949 1091 982 Gratiam
1121 949 1283 983 divinitus,

1035 1043 1243 1079 Responsoria.

869 1138 875 1144 .
902 1111 988 1143 Iuste
1012 1111 1122 1143 vivens
1148 1114 1180 1142 et.
1203 1109 1347 1151 perfecte

901 1159 992 1190 Arsit
1015 1159 1129 1191 Annae
1159 1167 1212 1190 cor
1239 1158 1359 1190 directe

947 1205 1072 1238 Divinis
1094 1204 1284 1245 adfectibus,

902 1252 953 1284 Ex
977 1254 1037 1285 hoc
1061 1251 1122 1284 fuit
1146 1253 1337 1295 praeelecta,

902 1299 970 1332 Deo
994 1300 1124 1340 placens
1150 1303 1182 1332 et
1208 1300 1326 1333 dilecta

948 1348 1033 1380 Prae
1059 1348 1179 1379 eunctis
1204 1348 1401 1388 coniugibus.

897 1395 1004 1427 Facta
1037 1396 1081 1427 est
1114 1395 1209 1435 Quasi
1240 1396 1336 1428 navis
1360 1396 1454 1428 insti-

898 1443 977 1474 toris
1003 1442 1041 1473 de
1064 1442 1157 1483 loozqc
1174 1444 1317 1483 portans
1331 1452 1455 1484 panem

901 1498 1007 1524 sumn.

903 1546 987 1579 Civis
1012 1547 1127 1579 missus
1153 1550 1202 1578 est
1226 1556 1393 1589 supernus,

902 1595 1027 1626 Annam
1052 1594 1165 1635 implet
1189 1596 1400 1634 sempiternus

949 1641 1087 1674 Fructus
1113 1642 1300 1683 sapientiae,

902 1689 1030 1721 Ventris
1056 1691 1164 1730 portat
1187 1690 1220 1721 in
1246 1694 1369 1722 secreto

901 1736 961 1768 Dei
987 1737 1088 1776 patris
1115 1745 1154 1768 ex
1180 1738 1308 1770 decreto

947 1784 1145 1816 Thesaurum
1172 1785 1369 1818 clementiae.

899 1831 1083 1872 Praeposui
1106 1831 1200 1864 illam
1224 1833 1332 1873 reynis
1357 1835 1386 1864 et
1409 1843 1457 1866 se-

900 1879 992 1911 dibus
1034 1881 1062 1911 et
1102 1879 1233 1912 divitias
1271 1880 1355 1913 nihil
1393 1890 1458 1915 esse

902 1926 981 1959 dumi
1003 1926 1042 1958 in
1067 1927 1310 1967 comparatione
1334 1928 1433 1962 illius.

867 2009 874 2016 .
903 1983 927 2016 O
952 1983 1069 2023 Maria,
1095 1984 1192 2016 maris
1219 1985 1324 2024 stella,

902 2030 1012 2071 Serva,
1040 2033 1144 2063 carnis
1169 2041 1210 2064 ne
1235 2033 1379 2074 procella

948 2078 1015 2111 Nos
1040 2082 1162 2120 mergat
1187 2081 1220 2112 in
1247 2081 1343 2123 vitiis,

900 2126 991 2159 Tuae
1015 2128 1129 2160 matris
1153 2127 1339 2162 interventu

901 2174 1098 2215 Angelorum
1124 2184 1162 2208 ex
1190 2180 1343 2209 concentu

953 2222 1124 2254 Laetemur
1150 2227 1182 2255 et
1206 2226 1367 2266 praemiis.

863 2297 870 2304 .
900 2269 953 2302 Ta
978 2279 1010 2302 cs
1042 2273 1147 2303 mater
1173 2272 1334 2312 pulchrae
1367 2274 1462 2308 dilec-

902 2317 1002 2371 tionis
1028 2320 1056 2350 et
1080 2319 1261 2360 agnitionis
1283 2323 1313 2353 et
1328 2326 1462 2357 sanctae

903 2374 983 2405 spez,
