1653 2567
682 116 945 152 —105—

223 206 343 246 Quibus
371 210 500 242 tandem
527 211 698 252 baptizatis

221 254 298 288 Pari
323 258 398 289 voto
423 259 608 297 quaeritant

219 302 373 337 Veritatis
399 305 530 346 limina;

184 378 190 384 .
223 350 369 384 Clamant
395 360 504 384 omnes
530 354 653 393 pariter

220 398 383 432 Christum
408 401 634 435 venerandum.

188 500 195 508 .
221 475 374 508 Matrona
399 476 555 516 quaedam
573 478 779 519 Burgundiae

216 523 368 556 Dentium
394 524 506 556 dolore

217 571 321 604 Multo
346 575 491 612 tempore

217 619 305 660 Erga
328 622 456 659 partum
484 620 650 661 dissipata,

218 666 364 707 Supplici
387 670 502 707 rogatu

215 713 381 756 Flagitans
406 715 624 757 Apolloniam,

218 762 262 795 Ut
287 763 433 795 sanitatis
460 763 635 796 remedium

215 809 396 850 Recuperet
419 819 478 851 per
504 819 581 855 eam,

174 884 181 891 .
211 857 289 890 Mox
314 859 408 891 adest
432 859 618 900 consolatio,

212 904 297 938 Nam
324 907 465 938 dentium
490 909 653 947 reparatio

212 954 376 987 Potentem
404 955 509 994 replet
532 956 659 996 gaudio,

271 1108 317 1139 In
345 1109 376 1141 3.
403 1108 635 1142 Nocturno.

357 1210 552 1249 Antiphonae.

174 1323 181 1331 .
209 1298 265 1331 Nil
289 1300 404 1331 territa
428 1300 588 1340 supplicio

208 1347 278 1379 Nec
304 1348 422 1379 cutitur
445 1346 578 1391 flagitio,

207 1394 273 1427 Sed
298 1393 385 1427 fatur
410 1399 560 1429 constans
585 1398 690 1429 animo

206 1442 293 1475 Deos
321 1451 390 1475 esse
417 1444 593 1477 daemonia.

208 1490 300 1532 Sunt,
327 1491 440 1532 inquit,
467 1492 547 1524 haec
571 1492 724 1525 immunia

206 1538 238 1571 A
264 1539 437 1579 gratiarum
465 1548 606 1583 munere,

205 1586 282 1627 Dat,
310 1587 364 1626 qui
389 1588 511 1619 creavit
536 1589 651 1630 omnia,

205 1633 447 1675 Languentibus
474 1635 629 1670 antidota.

172 1737 178 1744 .
206 1712 316 1744 Rectis
344 1712 441 1744 corde

254 1759 381 1792 laetitia
406 1759 518 1801 oritur,

207 1807 388 1841 Abundans
414 1809 517 1841 noctis

254 1856 413 1889 decrescit
437 1857 612 1899 maestitia,

202 1904 286 1937 Dum
312 1905 401 1946 virgo
425 1904 603 1945 Apollonia

201 1953 376 1986 Praedicat
403 1953 557 1987 salubria.

169 2059 175 2064 .
201 2029 340 2063 Iubilate

245 2078 326 2120 Deo,
354 2078 456 2110 omnis
480 2081 579 2120 terra,

198 2126 392 2168 Hymnizate

246 2174 352 2210 laudis
380 2175 516 2216 cantica,

199 2223 394 2256 Psalterium

247 2272 423 2305 iucundum
448 2280 520 2304 cum
546 2272 672 2305 cithara

201 2318 419 2361 Frequentate

247 2378 325 2401 voce
351 2368 489 2401 altisona

197 2416 237 2449 ln
262 2417 456 2457 Apolloniae
477 2416 641 2450 memoria.

1049 244 1258 279 Responsoria.

852 329 883 362 1.
911 329 1060 362 Convivis
1087 329 1370 374 discumbentibus,

910 377 993 416 Quos
1021 377 1123 409 dulcis
1149 379 1302 411 memoria

907 424 1003 457 Fovit
1026 425 1229 467 Apolloniae,

908 472 1064 505 Puritatis
1089 472 1236 506 irritator

908 518 972 552 Sub
998 521 1129 560 pietatis
1154 522 1262 563 specie

905 567 1036 600 Intrans
1064 570 1191 601 domum
1216 570 1371 612 hospitae,

904 614 988 647 Dolo
1013 616 1153 649 latenter
1176 617 1339 658 subnixus,

906 661 1105 695 Infantulum
1130 666 1289 704 quendam
1315 666 1432 698 misere

905 709 1056 742 Tradidit
1079 712 1208 754 ustioni,

907 756 1003 789 Cuius
1028 756 1153 791 fraudis
1177 760 1290 799 inscia,

906 803 990 836 Cura
1013 807 1202 847 peregrinos
1228 808 1375 853 sollicita,

904 851 1037 893 Singula
1062 854 1227 894 egentibus

902 899 1010 932 Mater
1037 901 1147 934 dolore

948 950 1037 982 tacta
1060 949 1251 982 intrinsecus

903 993 1055 1028 Gaudens
1079 997 1293 1030 ministrabat.

864 1066 871 1073 .
902 1042 1047 1076 Tandem
1073 1042 1151 1076 facti
1176 1046 1295 1078 veritas

901 1089 963 1122 Dei
986 1091 1192 1131 providentia

901 1138 1033 1171 Ossibus
1057 1140 1184 1179 pueruli

899 1186 1062 1228 Repertis,
1089 1188 1261 1221 lacrimose

899 1234 1125 1277 Promulgatur
1150 1237 1292 1278 singulis.

864 1345 871 1352 .
898 1320 965 1360 Quo
992 1321 1101 1354 audito

948 1369 1040 1401 dolor
1064 1369 1309 1404 inaestimabilis

900 1415 961 1449 Cor
986 1420 1164 1450 maternum
1191 1421 1331 1451 concutit

896 1463 942 1496 Et
965 1464 1117 1498 membris
1140 1464 1276 1500 infantis

897 1512 1018 1545 Stricta
1042 1510 1143 1545 fascia
1169 1514 1326 1555 colligatis

898 1559 1047 1592 Cucurrit
1069 1560 1234 1594 sitibunda

895 1607 935 1639 ln
960 1607 1126 1639 basilicam
1150 1610 1285 1650 virginis

893 1655 1099 1699 Apolloniae,

894 1704 1012 1736 Petens
1037 1704 1241 1736 lacrimarum
1266 1704 1369 1737 imbre

893 1750 1088 1784 Defunctum
1114 1752 1176 1784 sibi
1201 1752 1336 1785 restitui.

822 1797 860 1831 V.
889 1800 1013 1832 Audita
1036 1803 1086 1832 est
1111 1800 1296 1841 deprecatio

894 1847 1043 1880 Mulieris
1067 1849 1188 1890 sedula,

891 1896 961 1929 Usa
984 1895 1046 1929 Dei
1072 1897 1196 1938 solatio,

891 1944 1023 1977 Revixit
1044 1953 1127 1985 puer
1149 1948 1187 1977 ut
1207 1949 1311 1980 antea.

834 2036 841 2043 ·
857 2056 864 2063 ,
893 2031 917 2064 O
945 2029 1099 2063 ferventis
1126 2032 1269 2063 caritatis
1296 2032 1436 2068 vernula,

892 2078 1011 2111 Sancta
1039 2079 1220 2119 Apollonia,

892 2126 1057 2159 Castitatis
1085 2127 1212 2170 cellula,

891 2175 1052 2208 Virtutum
1079 2173 1211 2207 fioribus
1237 2175 1366 2216 stipata,

891 2223 1026 2264 Suscipe
1051 2233 1122 2255 cum
1145 2224 1244 2255 iubilo

891 2271 1077 2311 Supplicum
1102 2272 1298 2313 precamina,

890 2319 972 2351 Dele
996 2318 1150 2358 facinora,

892 2367 979 2407 Quae
1004 2368 1154 2400 aethereo
1180 2369 1322 2409 tripudio

894 2416 1052 2449 Coruscas
1079 2416 1205 2452 amicta,
