<?xml version="1.0" encoding="UTF-8"?>
<!DOCTYPE html PUBLIC "-//W3C//DTD XHTML 1.0 Transitional//EN"
    "http://www.w3.org/TR/xhtml1/DTD/xhtml1-transitional.dtd">
<html xmlns="http://www.w3.org/1999/xhtml" xml:lang="en" lang="en">
 <head>
  <title>
</title>
<meta http-equiv="Content-Type" content="text/html;charset=utf-8" />
  <meta name='ocr-system' content='tesseract 3.04.00' />
  <meta name='ocr-capabilities' content='ocr_page ocr_carea ocr_par ocr_line ocrx_word'/>
</head>
<body>
  <div class='ocr_page' id='page_1' title='image "./analectahymnica25drevuoft_00220.png"; bbox 0 0 1653 2567; ppageno 0'>
   <div class='ocr_carea' id='block_1_1' title="bbox 691 116 954 153">
    <p class='ocr_par' dir='ltr' id='par_1_1' title="bbox 691 116 954 153">
     <span class='ocr_line' id='line_1_1' title="bbox 691 116 954 153; baseline -0.004 0"><span class='ocrx_word' id='word_1_1' title='bbox 691 116 954 153; x_wconf 84' lang='lat'>—217—</span> 
     </span>
    </p>
   </div>
   <div class='ocr_carea' id='block_1_2' title="bbox 591 210 1045 243">
    <p class='ocr_par' dir='ltr' id='par_1_2' title="bbox 591 210 1045 243">
     <span class='ocr_line' id='line_1_2' title="bbox 591 210 1045 243; baseline 0 -1"><span class='ocrx_word' id='word_1_2' title='bbox 591 210 635 242; x_wconf 83' lang='lat'>76.</span> <span class='ocrx_word' id='word_1_3' title='bbox 668 211 711 242; x_wconf 81' lang='lat' dir='ltr'>De</span> <span class='ocrx_word' id='word_1_4' title='bbox 732 213 838 243; x_wconf 83' lang='lat' dir='ltr'>saneto</span> <span class='ocrx_word' id='word_1_5' title='bbox 857 210 1045 243; x_wconf 80' lang='lat' dir='ltr'>Constantio.</span> 
     </span>
    </p>
   </div>
   <div class='ocr_carea' id='block_1_3' title="bbox 295 277 644 390">
    <p class='ocr_par' dir='ltr' id='par_1_3' title="bbox 295 277 644 390">
     <span class='ocr_line' id='line_1_3' title="bbox 295 277 644 319; baseline 0.006 -9"><span class='ocrx_word' id='word_1_6' title='bbox 295 278 341 310; x_wconf 91' lang='lat' dir='ltr'>In</span> <span class='ocrx_word' id='word_1_7' title='bbox 370 277 399 310; x_wconf 86' lang='lat'>1.</span> <span class='ocrx_word' id='word_1_8' title='bbox 426 278 644 319; x_wconf 83' lang='lat' dir='ltr'>VesperiS.</span> 
     </span>
     <span class='ocr_line' id='line_1_4' title="bbox 350 352 598 390; baseline 0.008 -10"><span class='ocrx_word' id='word_1_9' title='bbox 350 352 397 380; x_wconf 86' lang='lat' dir='ltr'>Ad</span> <span class='ocrx_word' id='word_1_10' title='bbox 416 353 598 390; x_wconf 70' lang='lat' dir='ltr'>Mag-nificat.</span> 
     </span>
    </p>
   </div>
   <div class='ocr_carea' id='block_1_4' title="bbox 157 410 565 455">
    <p class='ocr_par' dir='ltr' id='par_1_4' title="bbox 157 410 565 455">
     <span class='ocr_line' id='line_1_5' title="bbox 157 410 565 455; baseline 0.002 -12"><span class='ocrx_word' id='word_1_11' title='bbox 157 410 199 443; x_wconf 91' lang='lat' dir='ltr'>A.</span> <span class='ocrx_word' id='word_1_12' title='bbox 230 412 360 450; x_wconf 72' lang='lat' dir='ltr'>Martyr</span> <span class='ocrx_word' id='word_1_13' title='bbox 386 411 565 455; x_wconf 80' lang='lat' dir='ltr'>Constanti,</span> 
     </span>
    </p>
   </div>
   <div class='ocr_carea' id='block_1_5' title="bbox 227 459 790 787">
    <p class='ocr_par' dir='ltr' id='par_1_5' title="bbox 231 459 719 540">
     <span class='ocr_line' id='line_1_6' title="bbox 277 459 719 500; baseline 0 -8"><span class='ocrx_word' id='word_1_14' title='bbox 277 459 398 500; x_wconf 78' lang='lat' dir='ltr'>populo</span> <span class='ocrx_word' id='word_1_15' title='bbox 423 462 457 491; x_wconf 87' lang='lat' dir='ltr'>te</span> <span class='ocrx_word' id='word_1_16' title='bbox 482 460 719 493; x_wconf 83' lang='lat' dir='ltr'>concelebranti</span> 
     </span>
     <span class='ocr_line' id='line_1_7' title="bbox 231 505 514 540; baseline 0.004 -2"><span class='ocrx_word' id='word_1_17' title='bbox 231 505 405 540; x_wconf 84' lang='lat' dir='ltr'>Praesenti</span> <span class='ocrx_word' id='word_1_18' title='bbox 431 506 514 539; x_wconf 86' lang='lat' dir='ltr'>festo</span> 
     </span>
    </p>

    <p class='ocr_par' dir='ltr' id='par_1_6' title="bbox 231 553 673 643">
     <span class='ocr_line' id='line_1_8' title="bbox 279 553 673 597; baseline 0.003 -10"><span class='ocrx_word' id='word_1_19' title='bbox 279 553 471 595; x_wconf 84' lang='lat' dir='ltr'>suffragator</span> <span class='ocrx_word' id='word_1_20' title='bbox 495 555 568 596; x_wconf 87' lang='lat' dir='ltr'>pius</span> <span class='ocrx_word' id='word_1_21' title='bbox 595 557 673 597; x_wconf 85' lang='lat' dir='ltr'>esto,</span> 
     </span>
     <span class='ocr_line' id='line_1_9' title="bbox 231 602 580 643; baseline 0 -8"><span class='ocrx_word' id='word_1_22' title='bbox 231 602 394 635; x_wconf 75' lang='lat' dir='ltr'><strong>Christum</strong></span> <span class='ocrx_word' id='word_1_23' title='bbox 419 603 580 643; x_wconf 77' lang='lat' dir='ltr'>placando</span> 
     </span>
    </p>

    <p class='ocr_par' dir='ltr' id='par_1_7' title="bbox 227 650 766 740">
     <span class='ocr_line' id='line_1_10' title="bbox 278 650 766 693; baseline 0.002 -11"><span class='ocrx_word' id='word_1_24' title='bbox 278 650 372 683; x_wconf 90' lang='lat' dir='ltr'>nobis</span> <span class='ocrx_word' id='word_1_25' title='bbox 397 650 587 691; x_wconf 80' lang='lat' dir='ltr'>veniamque</span> <span class='ocrx_word' id='word_1_26' title='bbox 612 651 766 693; x_wconf 84' lang='lat' dir='ltr'>rogando,</span> 
     </span>
     <span class='ocr_line' id='line_1_11' title="bbox 227 698 602 740; baseline 0 -10"><span class='ocrx_word' id='word_1_27' title='bbox 227 698 281 738; x_wconf 86' lang='lat' dir='ltr'>Ut,</span> <span class='ocrx_word' id='word_1_28' title='bbox 306 707 400 738; x_wconf 78' lang='lat' dir='ltr'>quam</span> <span class='ocrx_word' id='word_1_29' title='bbox 425 707 602 740; x_wconf 85' lang='lat' dir='ltr'>speramus,</span> 
     </span>
    </p>

    <p class='ocr_par' dir='ltr' id='par_1_8' title="bbox 278 746 790 787">
     <span class='ocr_line' id='line_1_12' title="bbox 278 746 790 787; baseline 0.002 -8"><span class='ocrx_word' id='word_1_30' title='bbox 278 749 355 787; x_wconf 65' lang='lat' dir='ltr'>post</span> <span class='ocrx_word' id='word_1_31' title='bbox 382 746 467 779; x_wconf 76' lang='lat' dir='ltr'>hano</span> <span class='ocrx_word' id='word_1_32' title='bbox 490 747 590 779; x_wconf 79' lang='lat' dir='ltr'>vitam</span> <span class='ocrx_word' id='word_1_33' title='bbox 616 746 790 787; x_wconf 63' lang='lat' dir='ltr'>capiamus</span> 
     </span>
    </p>
   </div>
   <div class='ocr_carea' id='block_1_6' title="bbox 297 861 653 895">
    <p class='ocr_par' dir='ltr' id='par_1_9' title="bbox 297 861 653 895">
     <span class='ocr_line' id='line_1_13' title="bbox 297 861 653 895; baseline 0.003 -1"><span class='ocrx_word' id='word_1_34' title='bbox 297 861 359 894; x_wconf 84' lang='lat' dir='ltr'>Ad</span> <span class='ocrx_word' id='word_1_35' title='bbox 383 861 653 895; x_wconf 85' lang='lat' dir='ltr'>Matutinum.</span> 
     </span>
    </p>
   </div>
   <div class='ocr_carea' id='block_1_7' title="bbox 366 937 586 965">
    <p class='ocr_par' dir='ltr' id='par_1_10' title="bbox 366 937 586 965">
     <span class='ocr_line' id='line_1_14' title="bbox 366 937 586 965; baseline -0.009 0"><span class='ocrx_word' id='word_1_36' title='bbox 366 937 586 965; x_wconf 81' lang='lat' dir='ltr'>Invitatorium.</span> 
     </span>
    </p>
   </div>
   <div class='ocr_carea' id='block_1_8' title="bbox 229 995 780 1180">
    <p class='ocr_par' dir='ltr' id='par_1_11' title="bbox 231 995 513 1028">
     <span class='ocr_line' id='line_1_15' title="bbox 231 995 513 1028; baseline -0.007 0"><span class='ocrx_word' id='word_1_37' title='bbox 231 996 279 1028; x_wconf 85' lang='lat' dir='ltr'>Ut</span> <span class='ocrx_word' id='word_1_38' title='bbox 304 995 513 1028; x_wconf 82' lang='lat' dir='ltr'>collaetemur</span> 
     </span>
    </p>

    <p class='ocr_par' dir='ltr' id='par_1_12' title="bbox 229 1041 777 1124">
     <span class='ocr_line' id='line_1_16' title="bbox 278 1041 777 1084; baseline -0.004 -9"><span class='ocrx_word' id='word_1_39' title='bbox 278 1043 412 1084; x_wconf 76' lang='lat' dir='ltr'>sanetis,</span> <span class='ocrx_word' id='word_1_40' title='bbox 437 1043 552 1076; x_wconf 82' lang='lat' dir='ltr'>laudes</span> <span class='ocrx_word' id='word_1_41' title='bbox 574 1041 777 1074; x_wconf 72' lang='lat' dir='ltr'>modulemur</span> 
     </span>
     <span class='ocr_line' id='line_1_17' title="bbox 229 1091 477 1124; baseline -0.004 -1"><span class='ocrx_word' id='word_1_42' title='bbox 229 1091 367 1124; x_wconf 84' lang='lat' dir='ltr'>Auctori</span> <span class='ocrx_word' id='word_1_43' title='bbox 391 1092 477 1124; x_wconf 84' lang='lat' dir='ltr'>vitae</span> 
     </span>
    </p>

    <p class='ocr_par' dir='ltr' id='par_1_13' title="bbox 279 1137 780 1180">
     <span class='ocr_line' id='line_1_18' title="bbox 279 1137 780 1180; baseline 0 -9"><span class='ocrx_word' id='word_1_44' title='bbox 279 1139 438 1180; x_wconf 87' lang='lat' dir='ltr'>psalmum</span> <span class='ocrx_word' id='word_1_45' title='bbox 466 1138 636 1179; x_wconf 78' lang='lat' dir='ltr'>cantando,</span> <span class='ocrx_word' id='word_1_46' title='bbox 662 1137 780 1171; x_wconf 85' lang='lat' dir='ltr'>venite.</span> 
     </span>
    </p>
   </div>
   <div class='ocr_carea' id='block_1_9' title="bbox 292 1253 655 1286">
    <p class='ocr_par' dir='ltr' id='par_1_14' title="bbox 292 1253 655 1286">
     <span class='ocr_line' id='line_1_19' title="bbox 292 1253 655 1286; baseline -0.006 0"><span class='ocrx_word' id='word_1_47' title='bbox 292 1254 338 1286; x_wconf 88' lang='lat' dir='ltr'>In</span> <span class='ocrx_word' id='word_1_48' title='bbox 368 1255 398 1286; x_wconf 91' lang='lat'>1.</span> <span class='ocrx_word' id='word_1_49' title='bbox 424 1253 655 1285; x_wconf 86' lang='lat' dir='ltr'>Nocturno.</span> 
     </span>
    </p>
   </div>
   <div class='ocr_carea' id='block_1_10' title="bbox 377 1328 579 1365">
    <p class='ocr_par' dir='ltr' id='par_1_15' title="bbox 377 1328 579 1365">
     <span class='ocr_line' id='line_1_20' title="bbox 377 1328 579 1365; baseline -0.005 -9"><span class='ocrx_word' id='word_1_50' title='bbox 377 1328 579 1365; x_wconf 78' lang='lat' dir='ltr'>Antiphonae.</span> 
     </span>
    </p>
   </div>
   <div class='ocr_carea' id='block_1_11' title="bbox 199 1386 727 1571">
    <p class='ocr_par' dir='ltr' id='par_1_16' title="bbox 199 1386 727 1571">
     <span class='ocr_line' id='line_1_21' title="bbox 199 1386 454 1421; baseline -0.012 0"><span class='ocrx_word' id='word_1_51' title='bbox 199 1415 205 1421; x_wconf 95' lang='lat'>.</span> <span class='ocrx_word' id='word_1_52' title='bbox 230 1389 318 1421; x_wconf 82' lang='lat' dir='ltr'>Actu</span> <span class='ocrx_word' id='word_1_53' title='bbox 342 1386 454 1419; x_wconf 86' lang='lat' dir='ltr'>subtili</span> 
     </span>
     <span class='ocr_line' id='line_1_22' title="bbox 280 1434 677 1475; baseline -0.01 -6"><span class='ocrx_word' id='word_1_54' title='bbox 280 1435 488 1469; x_wconf 82' lang='lat' dir='ltr'>Constantius</span> <span class='ocrx_word' id='word_1_55' title='bbox 513 1444 533 1467; x_wconf 88' lang='lat' dir='ltr'>a</span> <span class='ocrx_word' id='word_1_56' title='bbox 558 1434 677 1475; x_wconf 81' lang='lat' dir='ltr'>puerili</span> 
     </span>
     <span class='ocr_line' id='line_1_23' title="bbox 232 1481 562 1523; baseline 0.003 -10"><span class='ocrx_word' id='word_1_57' title='bbox 232 1481 333 1516; x_wconf 82' lang='lat' dir='ltr'>Flore</span> <span class='ocrx_word' id='word_1_58' title='bbox 356 1482 427 1515; x_wconf 87' lang='lat' dir='ltr'>Deo</span> <span class='ocrx_word' id='word_1_59' title='bbox 452 1484 562 1523; x_wconf 82' lang='lat' dir='ltr'>gratus</span> 
     </span>
     <span class='ocr_line' id='line_1_24' title="bbox 284 1530 727 1571; baseline 0 -8"><span class='ocrx_word' id='word_1_60' title='bbox 284 1531 484 1571; x_wconf 77' lang='lat' dir='ltr'>dignoscitur</span> <span class='ocrx_word' id='word_1_61' title='bbox 510 1539 580 1562; x_wconf 88' lang='lat' dir='ltr'>esse</span> <span class='ocrx_word' id='word_1_62' title='bbox 603 1530 727 1563; x_wconf 76' lang='lat' dir='ltr'>beatus,</span> 
     </span>
    </p>
   </div>
   <div class='ocr_carea' id='block_1_12' title="bbox 199 1586 755 1770">
    <p class='ocr_par' dir='ltr' id='par_1_17' title="bbox 199 1586 572 1623">
     <span class='ocr_line' id='line_1_25' title="bbox 199 1586 572 1623; baseline -0.008 -1"><span class='ocrx_word' id='word_1_63' title='bbox 199 1615 207 1623; x_wconf 90' lang='lat'><strong>.</strong></span> <span class='ocrx_word' id='word_1_64' title='bbox 229 1587 355 1621; x_wconf 87' lang='lat' dir='ltr'>Indolis</span> <span class='ocrx_word' id='word_1_65' title='bbox 380 1588 443 1620; x_wconf 86' lang='lat' dir='ltr'>iste</span> <span class='ocrx_word' id='word_1_66' title='bbox 468 1586 572 1621; x_wconf 85' lang='lat' dir='ltr'>bonae</span> 
     </span>
    </p>

    <p class='ocr_par' dir='ltr' id='par_1_18' title="bbox 231 1635 673 1717">
     <span class='ocr_line' id='line_1_26' title="bbox 278 1635 673 1676; baseline -0.01 -7"><span class='ocrx_word' id='word_1_67' title='bbox 278 1636 400 1669; x_wconf 81' lang='lat' dir='ltr'>munda</span> <span class='ocrx_word' id='word_1_68' title='bbox 422 1635 481 1668; x_wconf 88' lang='lat' dir='ltr'>sub</span> <span class='ocrx_word' id='word_1_69' title='bbox 506 1635 673 1676; x_wconf 77' lang='lat' dir='ltr'>religione,</span> 
     </span>
     <span class='ocr_line' id='line_1_27' title="bbox 231 1683 552 1717; baseline -0.009 1"><span class='ocrx_word' id='word_1_70' title='bbox 231 1684 423 1717; x_wconf 85' lang='lat' dir='ltr'>Mansuetus</span> <span class='ocrx_word' id='word_1_71' title='bbox 448 1683 552 1716; x_wconf 85' lang='lat' dir='ltr'>crevit</span> 
     </span>
    </p>

    <p class='ocr_par' dir='ltr' id='par_1_19' title="bbox 280 1730 755 1770">
     <span class='ocr_line' id='line_1_28' title="bbox 280 1730 755 1770; baseline 0 -5"><span class='ocrx_word' id='word_1_72' title='bbox 280 1736 313 1765; x_wconf 85' lang='lat' dir='ltr'>et</span> <span class='ocrx_word' id='word_1_73' title='bbox 338 1732 443 1764; x_wconf 85' lang='lat' dir='ltr'>carnis</span> <span class='ocrx_word' id='word_1_74' title='bbox 468 1731 596 1764; x_wconf 87' lang='lat' dir='ltr'>ludicra</span> <span class='ocrx_word' id='word_1_75' title='bbox 620 1730 755 1770; x_wconf 80' lang='lat' dir='ltr'>sprevit.</span> 
     </span>
    </p>
   </div>
   <div class='ocr_carea' id='block_1_13' title="bbox 196 1787 744 1973">
    <p class='ocr_par' dir='ltr' id='par_1_20' title="bbox 196 1787 744 1973">
     <span class='ocr_line' id='line_1_29' title="bbox 196 1787 618 1828; baseline -0.012 -4"><span class='ocrx_word' id='word_1_76' title='bbox 196 1817 203 1824; x_wconf 96' lang='lat'>.</span> <span class='ocrx_word' id='word_1_77' title='bbox 229 1790 367 1823; x_wconf 82' lang='lat' dir='ltr'>Praesul</span> <span class='ocrx_word' id='word_1_78' title='bbox 391 1790 476 1821; x_wconf 86' lang='lat' dir='ltr'>enim</span> <span class='ocrx_word' id='word_1_79' title='bbox 501 1787 618 1828; x_wconf 79' lang='lat' dir='ltr'>faetus,</span> 
     </span>
     <span class='ocr_line' id='line_1_30' title="bbox 280 1837 647 1880; baseline -0.008 -9"><span class='ocrx_word' id='word_1_80' title='bbox 280 1837 391 1871; x_wconf 81' lang='lat' dir='ltr'>divina</span> <span class='ocrx_word' id='word_1_81' title='bbox 414 1838 486 1879; x_wconf 86' lang='lat' dir='ltr'>lege</span> <span class='ocrx_word' id='word_1_82' title='bbox 510 1839 647 1880; x_wconf 78' lang='lat' dir='ltr'>coaetus,</span> 
     </span>
     <span class='ocr_line' id='line_1_31' title="bbox 229 1885 595 1926; baseline -0.008 -7"><span class='ocrx_word' id='word_1_83' title='bbox 229 1886 331 1926; x_wconf 78' lang='lat' dir='ltr'>Quam</span> <span class='ocrx_word' id='word_1_84' title='bbox 357 1885 439 1918; x_wconf 87' lang='lat' dir='ltr'>bene</span> <span class='ocrx_word' id='word_1_85' title='bbox 465 1885 595 1926; x_wconf 83' lang='lat' dir='ltr'>delegit,</span> 
     </span>
     <span class='ocr_line' id='line_1_32' title="bbox 277 1932 744 1973; baseline -0.002 -6"><span class='ocrx_word' id='word_1_86' title='bbox 277 1934 341 1968; x_wconf 87' lang='lat' dir='ltr'>sibi</span> <span class='ocrx_word' id='word_1_87' title='bbox 364 1934 463 1966; x_wconf 75' lang='lat' dir='ltr'>noxia</span> <span class='ocrx_word' id='word_1_88' title='bbox 487 1936 599 1965; x_wconf 80' lang='lat' dir='ltr'>cautus</span> <span class='ocrx_word' id='word_1_89' title='bbox 624 1932 744 1973; x_wconf 76' lang='lat' dir='ltr'>abegit.</span> 
     </span>
    </p>
   </div>
   <div class='ocr_carea' id='block_1_14' title="bbox 193 2010 793 2206">
    <p class='ocr_par' dir='ltr' id='par_1_21' title="bbox 363 2010 576 2047">
     <span class='ocr_line' id='line_1_33' title="bbox 363 2010 576 2047; baseline -0.005 -9"><span class='ocrx_word' id='word_1_90' title='bbox 363 2010 576 2047; x_wconf 83' lang='lat' dir='ltr'>Responsoria.</span> 
     </span>
    </p>

    <p class='ocr_par' dir='ltr' id='par_1_22' title="bbox 193 2065 793 2206">
     <span class='ocr_line' id='line_1_34' title="bbox 193 2065 793 2112; baseline -0.008 -8"><span class='ocrx_word' id='word_1_91' title='bbox 193 2099 199 2105; x_wconf 91' lang='lat'><em>.</em></span> <span class='ocrx_word' id='word_1_92' title='bbox 227 2069 366 2112; x_wconf 58' lang='lat' dir='ltr'>Effregit</span> <span class='ocrx_word' id='word_1_93' title='bbox 400 2068 559 2109; x_wconf 60' lang='lat' dir='ltr'>martyris</span> <span class='ocrx_word' id='word_1_94' title='bbox 603 2065 793 2101; x_wconf 66' lang='lat' dir='ltr'>Constantii</span> 
     </span>
     <span class='ocr_line' id='line_1_35' title="bbox 228 2116 790 2158; baseline -0.007 -6"><span class='ocrx_word' id='word_1_95' title='bbox 228 2117 410 2152; x_wconf 70' lang='lat' dir='ltr'>transitum</span> <span class='ocrx_word' id='word_1_96' title='bbox 464 2116 637 2149; x_wconf 62' lang='lat' dir='ltr'>recolentes</span> <span class='ocrx_word' id='word_1_97' title='bbox 686 2118 790 2158; x_wconf 81' lang='lat' dir='ltr'>tuam,</span> 
     </span>
     <span class='ocr_line' id='line_1_36' title="bbox 226 2164 791 2206; baseline -0.009 -6"><span class='ocrx_word' id='word_1_98' title='bbox 226 2165 384 2206; x_wconf 72' lang='lat' dir='ltr'>Domine,</span> <span class='ocrx_word' id='word_1_99' title='bbox 403 2164 582 2198; x_wconf 77' lang='lat' dir='ltr'>laudamus</span> <span class='ocrx_word' id='word_1_100' title='bbox 597 2164 791 2206; x_wconf 70' lang='lat' dir='ltr'>potentiam,</span> 
     </span>
    </p>
   </div>
   <div class='ocr_carea' id='block_1_15' title="bbox 190 2214 791 2305">
    <p class='ocr_par' dir='ltr' id='par_1_23' title="bbox 190 2214 791 2305">
     <span class='ocr_line' id='line_1_37' title="bbox 190 2214 554 2254; baseline -0.014 -5"><span class='ocrx_word' id='word_1_101' title='bbox 190 2241 197 2249; x_wconf 92' lang='lat'><strong>.</strong></span> <span class='ocrx_word' id='word_1_102' title='bbox 225 2216 341 2249; x_wconf 85' lang='lat' dir='ltr'>Caelos</span> <span class='ocrx_word' id='word_1_103' title='bbox 366 2214 554 2254; x_wconf 85' lang='lat' dir='ltr'>implentem</span> 
     </span>
     <span class='ocr_line' id='line_1_38' title="bbox 276 2263 791 2305; baseline -0.004 -9"><span class='ocrx_word' id='word_1_104' title='bbox 276 2265 410 2305; x_wconf 86' lang='lat' dir='ltr'>pelagus</span> <span class='ocrx_word' id='word_1_105' title='bbox 423 2265 609 2302; x_wconf 75' lang='lat' dir='ltr'>terramque</span> <span class='ocrx_word' id='word_1_106' title='bbox 616 2263 791 2302; x_wconf 86' lang='lat' dir='ltr'>regentem.</span> 
     </span>
    </p>
   </div>
   <div class='ocr_carea' id='block_1_16' title="bbox 192 2318 792 2456">
    <p class='ocr_par' dir='ltr' id='par_1_24' title="bbox 192 2318 792 2456">
     <span class='ocr_line' id='line_1_39' title="bbox 192 2318 791 2360; baseline -0.008 -5"><span class='ocrx_word' id='word_1_107' title='bbox 192 2348 199 2355; x_wconf 96' lang='lat'>.</span> <span class='ocrx_word' id='word_1_108' title='bbox 226 2321 340 2355; x_wconf 53' lang='lat' dir='ltr'>Sacris</span> <span class='ocrx_word' id='word_1_109' title='bbox 380 2319 433 2353; x_wconf 76' lang='lat' dir='ltr'>hic</span> <span class='ocrx_word' id='word_1_110' title='bbox 471 2318 584 2360; x_wconf 78' lang='lat' dir='ltr'>itaque</span> <span class='ocrx_word' id='word_1_111' title='bbox 618 2318 791 2359; x_wconf 58' lang='lat' dir='ltr'>scripturis</span> 
     </span>
     <span class='ocr_line' id='line_1_40' title="bbox 225 2365 792 2411; baseline -0.005 -10"><span class='ocrx_word' id='word_1_112' title='bbox 225 2370 390 2411; x_wconf 53' lang='lat' dir='ltr'>tutemus,</span> <span class='ocrx_word' id='word_1_113' title='bbox 416 2367 543 2401; x_wconf 74' lang='lat' dir='ltr'>utiliter</span> <span class='ocrx_word' id='word_1_114' title='bbox 565 2368 659 2409; x_wconf 70' lang='lat' dir='ltr'>‘ipsas</span> <span class='ocrx_word' id='word_1_115' title='bbox 683 2365 792 2399; x_wconf 73' lang='lat' dir='ltr'>temet</span> 
     </span>
     <span class='ocr_line' id='line_1_41' title="bbox 228 2415 690 2456; baseline -0.009 -5"><span class='ocrx_word' id='word_1_116' title='bbox 228 2417 477 2452; x_wconf 73' lang='lat' dir='ltr'>commendabat</span> <span class='ocrx_word' id='word_1_117' title='bbox 500 2415 690 2456; x_wconf 77' lang='lat' dir='ltr'>memoriae,</span> 
     </span>
    </p>
   </div>
   <div class='ocr_carea' id='block_1_17' title="bbox 848 280 1243 320">
    <p class='ocr_par' dir='ltr' id='par_1_25' title="bbox 848 280 1243 320">
     <span class='ocr_line' id='line_1_42' title="bbox 848 280 1243 320; baseline -0.008 -6"><span class='ocrx_word' id='word_1_118' title='bbox 848 282 887 316; x_wconf 90' lang='lat' dir='ltr'>V.</span> <span class='ocrx_word' id='word_1_119' title='bbox 918 280 1005 320; x_wconf 83' lang='lat' dir='ltr'>Quae</span> <span class='ocrx_word' id='word_1_120' title='bbox 1029 280 1136 313; x_wconf 78' lang='lat' dir='ltr'>fecere</span> <span class='ocrx_word' id='word_1_121' title='bbox 1159 281 1243 313; x_wconf 91' lang='lat' dir='ltr'>viam</span> 
     </span>
    </p>
   </div>
   <div class='ocr_carea' id='block_1_18' title="bbox 969 327 1437 361">
    <p class='ocr_par' dir='ltr' id='par_1_26' title="bbox 969 327 1437 361">
     <span class='ocr_line' id='line_1_43' title="bbox 969 327 1437 361; baseline 0 -1"><span class='ocrx_word' id='word_1_122' title='bbox 969 329 1031 360; x_wconf 90' lang='lat' dir='ltr'>sibi</span> <span class='ocrx_word' id='word_1_123' title='bbox 1054 327 1176 360; x_wconf 87' lang='lat' dir='ltr'>firmius</span> <span class='ocrx_word' id='word_1_124' title='bbox 1203 328 1244 360; x_wconf 83' lang='lat' dir='ltr'>ad</span> <span class='ocrx_word' id='word_1_125' title='bbox 1269 328 1437 361; x_wconf 83' lang='lat' dir='ltr'>theoriam.</span> 
     </span>
    </p>
   </div>
   <div class='ocr_carea' id='block_1_19' title="bbox 849 383 1478 664">
    <p class='ocr_par' dir='ltr' id='par_1_27' title="bbox 865 383 1477 570">
     <span class='ocr_line' id='line_1_44' title="bbox 865 383 1477 427; baseline -0.003 -7"><span class='ocrx_word' id='word_1_126' title='bbox 865 389 897 420; x_wconf 84' lang='lat'>3.</span> <span class='ocrx_word' id='word_1_127' title='bbox 923 385 1087 427; x_wconf 74' lang='lat' dir='ltr'>Ayonista</span> <span class='ocrx_word' id='word_1_128' title='bbox 1102 385 1169 417; x_wconf 79' lang='lat' dir='ltr'>Det</span> <span class='ocrx_word' id='word_1_129' title='bbox 1188 383 1399 418; x_wconf 68' lang='lat' dir='ltr'>Constawtzus</span> <span class='ocrx_word' id='word_1_130' title='bbox 1422 395 1477 418; x_wconf 80' lang='lat' dir='ltr'>vo-</span> 
     </span>
     <span class='ocr_line' id='line_1_45' title="bbox 921 432 1477 474; baseline 0 -8"><span class='ocrx_word' id='word_1_131' title='bbox 921 433 1082 473; x_wconf 76' lang='lat' dir='ltr'>luptuosis</span> <span class='ocrx_word' id='word_1_132' title='bbox 1097 432 1293 474; x_wconf 61' lang='lat' dir='ltr'>repugnavit</span> <span class='ocrx_word' id='word_1_133' title='bbox 1310 433 1477 474; x_wconf 69' lang='lat' dir='ltr'>affec-tibus</span> 
     </span>
     <span class='ocr_line' id='line_1_46' title="bbox 922 480 1477 522; baseline 0 -9"><span class='ocrx_word' id='word_1_134' title='bbox 922 490 1111 522; x_wconf 71' lang='lat' dir='ltr'>crucemque</span> <span class='ocrx_word' id='word_1_135' title='bbox 1141 490 1239 513; x_wconf 81' lang='lat' dir='ltr'>suam</span> <span class='ocrx_word' id='word_1_136' title='bbox 1267 480 1384 513; x_wconf 74' lang='lat' dir='ltr'>tollens</span> <span class='ocrx_word' id='word_1_137' title='bbox 1407 481 1477 513; x_wconf 88' lang='lat' dir='ltr'>Do-</span> 
     </span>
     <span class='ocr_line' id='line_1_47' title="bbox 920 528 1280 570; baseline 0.006 -11"><span class='ocrx_word' id='word_1_138' title='bbox 920 528 1051 560; x_wconf 70' lang='lat' dir='ltr'>minum</span> <span class='ocrx_word' id='word_1_139' title='bbox 1076 531 1121 560; x_wconf 86' lang='lat' dir='ltr'>est</span> <span class='ocrx_word' id='word_1_140' title='bbox 1143 530 1280 570; x_wconf 83' lang='lat' dir='ltr'>secutus,</span> 
     </span>
    </p>

    <p class='ocr_par' dir='ltr' id='par_1_28' title="bbox 849 576 1221 616">
     <span class='ocr_line' id='line_1_48' title="bbox 849 576 1221 616; baseline 0 -9"><span class='ocrx_word' id='word_1_141' title='bbox 849 576 887 609; x_wconf 90' lang='lat' dir='ltr'>V.</span> <span class='ocrx_word' id='word_1_142' title='bbox 918 576 1101 616; x_wconf 77' lang='lat' dir='ltr'>Postposito</span> <span class='ocrx_word' id='word_1_143' title='bbox 1126 579 1221 616; x_wconf 84' lang='lat' dir='ltr'>patre</span> 
     </span>
    </p>

    <p class='ocr_par' dir='ltr' id='par_1_29' title="bbox 970 622 1478 664">
     <span class='ocr_line' id='line_1_49' title="bbox 970 622 1478 664; baseline 0.002 -9"><span class='ocrx_word' id='word_1_144' title='bbox 970 632 1041 655; x_wconf 82' lang='lat' dir='ltr'>oum</span> <span class='ocrx_word' id='word_1_145' title='bbox 1058 622 1160 656; x_wconf 85' lang='lat' dir='ltr'>fratre</span> <span class='ocrx_word' id='word_1_146' title='bbox 1177 632 1349 664; x_wconf 86' lang='lat' dir='ltr'>sororeque</span> <span class='ocrx_word' id='word_1_147' title='bbox 1364 627 1478 657; x_wconf 83' lang='lat' dir='ltr'>matre.</span> 
     </span>
    </p>
   </div>
   <div class='ocr_carea' id='block_1_20' title="bbox 985 765 1347 801">
    <p class='ocr_par' dir='ltr' id='par_1_30' title="bbox 985 765 1347 801">
     <span class='ocr_line' id='line_1_50' title="bbox 985 765 1347 801; baseline 0.008 -3"><span class='ocrx_word' id='word_1_148' title='bbox 985 766 1031 798; x_wconf 91' lang='lat' dir='ltr'>In</span> <span class='ocrx_word' id='word_1_149' title='bbox 1058 766 1090 800; x_wconf 80' lang='lat'>2.</span> <span class='ocrx_word' id='word_1_150' title='bbox 1116 765 1347 801; x_wconf 79' lang='lat' dir='ltr'>Nocturno.</span> 
     </span>
    </p>
   </div>
   <div class='ocr_carea' id='block_1_21' title="bbox 1066 841 1264 877">
    <p class='ocr_par' dir='ltr' id='par_1_31' title="bbox 1066 841 1264 877">
     <span class='ocr_line' id='line_1_51' title="bbox 1066 841 1264 877; baseline -0.01 -8"><span class='ocrx_word' id='word_1_151' title='bbox 1066 841 1264 877; x_wconf 81' lang='lat' dir='ltr'>Antiphonae.</span> 
     </span>
    </p>
   </div>
   <div class='ocr_carea' id='block_1_22' title="bbox 864 899 1480 1083">
    <p class='ocr_par' dir='ltr' id='par_1_32' title="bbox 864 899 1480 1083">
     <span class='ocr_line' id='line_1_52' title="bbox 864 899 1190 933; baseline -0.006 0"><span class='ocrx_word' id='word_1_152' title='bbox 864 900 896 933; x_wconf 77' lang='lat'>1.</span> <span class='ocrx_word' id='word_1_153' title='bbox 922 899 1061 932; x_wconf 73' lang='lat' dir='ltr'>illicitos</span> <span class='ocrx_word' id='word_1_154' title='bbox 1084 901 1190 931; x_wconf 80' lang='lat' dir='ltr'>motus</span> 
     </span>
     <span class='ocr_line' id='line_1_53' title="bbox 973 947 1480 988; baseline 0.002 -9"><span class='ocrx_word' id='word_1_155' title='bbox 973 947 1151 988; x_wconf 84' lang='lat' dir='ltr'>frangendo</span> <span class='ocrx_word' id='word_1_156' title='bbox 1180 955 1240 987; x_wconf 86' lang='lat' dir='ltr'>per</span> <span class='ocrx_word' id='word_1_157' title='bbox 1264 948 1371 979; x_wconf 88' lang='lat' dir='ltr'>omnia</span> <span class='ocrx_word' id='word_1_158' title='bbox 1395 950 1480 980; x_wconf 82' lang='lat' dir='ltr'>totus</span> 
     </span>
     <span class='ocr_line' id='line_1_54' title="bbox 925 994 1203 1027; baseline 0 -1"><span class='ocrx_word' id='word_1_159' title='bbox 925 994 1053 1027; x_wconf 86' lang='lat' dir='ltr'>Christo</span> <span class='ocrx_word' id='word_1_160' title='bbox 1079 995 1203 1026; x_wconf 86' lang='lat' dir='ltr'>servire</span> 
     </span>
     <span class='ocr_line' id='line_1_55' title="bbox 970 1041 1443 1083; baseline 0.002 -9"><span class='ocrx_word' id='word_1_161' title='bbox 970 1042 1096 1075; x_wconf 81' lang='lat' dir='ltr'>studuit,</span> <span class='ocrx_word' id='word_1_162' title='bbox 1117 1041 1301 1082; x_wconf 82' lang='lat' dir='ltr'>mundoque</span> <span class='ocrx_word' id='word_1_163' title='bbox 1324 1043 1443 1083; x_wconf 83' lang='lat' dir='ltr'>perire.</span> 
     </span>
    </p>
   </div>
   <div class='ocr_carea' id='block_1_23' title="bbox 864 1099 1454 1285">
    <p class='ocr_par' dir='ltr' id='par_1_33' title="bbox 864 1099 1454 1285">
     <span class='ocr_line' id='line_1_56' title="bbox 864 1099 1298 1134; baseline -0.005 -2"><span class='ocrx_word' id='word_1_164' title='bbox 864 1102 897 1134; x_wconf 80' lang='lat'>2.</span> <span class='ocrx_word' id='word_1_165' title='bbox 923 1099 1018 1131; x_wconf 83' lang='lat' dir='ltr'>Hunc</span> <span class='ocrx_word' id='word_1_166' title='bbox 1041 1099 1130 1131; x_wconf 90' lang='lat' dir='ltr'>Deus</span> <span class='ocrx_word' id='word_1_167' title='bbox 1154 1101 1298 1131; x_wconf 83' lang='lat' dir='ltr'>orantem</span> 
     </span>
     <span class='ocr_line' id='line_1_57' title="bbox 970 1146 1428 1186; baseline -0.002 -7"><span class='ocrx_word' id='word_1_168' title='bbox 970 1147 1141 1186; x_wconf 84' lang='lat' dir='ltr'>votivaque</span> <span class='ocrx_word' id='word_1_169' title='bbox 1165 1146 1274 1179; x_wconf 87' lang='lat' dir='ltr'>munia</span> <span class='ocrx_word' id='word_1_170' title='bbox 1300 1147 1428 1179; x_wconf 85' lang='lat' dir='ltr'>dantem</span> 
     </span>
     <span class='ocr_line' id='line_1_58' title="bbox 924 1194 1188 1232; baseline -0.004 -6"><span class='ocrx_word' id='word_1_171' title='bbox 924 1194 1037 1232; x_wconf 74' lang='lat' dir='ltr'>Latius</span> <span class='ocrx_word' id='word_1_172' title='bbox 1061 1194 1188 1226; x_wconf 80' lang='lat' dir='ltr'>audivit</span> 
     </span>
     <span class='ocr_line' id='line_1_59' title="bbox 971 1241 1454 1285; baseline 0.004 -12"><span class='ocrx_word' id='word_1_173' title='bbox 971 1242 1096 1285; x_wconf 86' lang='lat' dir='ltr'>merito,</span> <span class='ocrx_word' id='word_1_174' title='bbox 1123 1251 1195 1273; x_wconf 90' lang='lat' dir='ltr'>nam</span> <span class='ocrx_word' id='word_1_175' title='bbox 1221 1241 1306 1274; x_wconf 77' lang='lat' dir='ltr'>iusta</span> <span class='ocrx_word' id='word_1_176' title='bbox 1329 1243 1454 1283; x_wconf 78' lang='lat' dir='ltr'>petivit.</span> 
     </span>
    </p>
   </div>
   <div class='ocr_carea' id='block_1_24' title="bbox 863 1298 1449 1483">
    <p class='ocr_par' dir='ltr' id='par_1_34' title="bbox 863 1298 1449 1483">
     <span class='ocr_line' id='line_1_60' title="bbox 863 1298 1292 1342; baseline -0.007 -10"><span class='ocrx_word' id='word_1_177' title='bbox 863 1301 895 1333; x_wconf 85' lang='lat'>3.</span> <span class='ocrx_word' id='word_1_178' title='bbox 922 1298 975 1331; x_wconf 60' lang='lat' dir='ltr'>Se*</span> <span class='ocrx_word' id='word_1_179' title='bbox 988 1299 1126 1342; x_wconf 86' lang='lat' dir='ltr'>penitus,</span> <span class='ocrx_word' id='word_1_180' title='bbox 1156 1298 1292 1342; x_wconf 78' lang='lat' dir='ltr'>Christe,</span> 
     </span>
     <span class='ocr_line' id='line_1_61' title="bbox 967 1346 1449 1389; baseline 0.002 -11"><span class='ocrx_word' id='word_1_181' title='bbox 967 1349 1097 1378; x_wconf 77' lang='lat' dir='ltr'>sanetus</span> <span class='ocrx_word' id='word_1_182' title='bbox 1121 1346 1182 1379; x_wconf 80' lang='lat' dir='ltr'>tibi</span> <span class='ocrx_word' id='word_1_183' title='bbox 1206 1346 1352 1379; x_wconf 81' lang='lat' dir='ltr'>subdidit</span> <span class='ocrx_word' id='word_1_184' title='bbox 1375 1347 1449 1389; x_wconf 78' lang='lat' dir='ltr'>ists,</span> 
     </span>
     <span class='ocr_line' id='line_1_62' title="bbox 921 1394 1293 1435; baseline -0.003 -9"><span class='ocrx_word' id='word_1_185' title='bbox 921 1394 1033 1435; x_wconf 84' lang='lat' dir='ltr'>Regna</span> <span class='ocrx_word' id='word_1_186' title='bbox 1061 1396 1175 1435; x_wconf 81' lang='lat' dir='ltr'>petens</span> <span class='ocrx_word' id='word_1_187' title='bbox 1200 1394 1293 1435; x_wconf 83' lang='lat' dir='ltr'>lucis,</span> 
     </span>
     <span class='ocr_line' id='line_1_63' title="bbox 970 1442 1406 1483; baseline 0.005 -9"><span class='ocrx_word' id='word_1_188' title='bbox 970 1451 1032 1483; x_wconf 87' lang='lat' dir='ltr'>quo</span> <span class='ocrx_word' id='word_1_189' title='bbox 1059 1442 1193 1474; x_wconf 84' lang='lat' dir='ltr'>dilectos</span> <span class='ocrx_word' id='word_1_190' title='bbox 1218 1442 1277 1473; x_wconf 76' lang='lat' dir='ltr'>tibi</span> <span class='ocrx_word' id='word_1_191' title='bbox 1305 1442 1406 1476; x_wconf 80' lang='lat' dir='ltr'>ducis.</span> 
     </span>
    </p>
   </div>
   <div class='ocr_carea' id='block_1_25' title="bbox 1061 1517 1270 1552">
    <p class='ocr_par' dir='ltr' id='par_1_35' title="bbox 1061 1517 1270 1552">
     <span class='ocr_line' id='line_1_64' title="bbox 1061 1517 1270 1552; baseline -0.01 -7"><span class='ocrx_word' id='word_1_192' title='bbox 1061 1517 1270 1552; x_wconf 78' lang='lat' dir='ltr'>Responsoria.</span> 
     </span>
    </p>
   </div>
   <div class='ocr_carea' id='block_1_26' title="bbox 849 1574 1483 1856">
    <p class='ocr_par' dir='ltr' id='par_1_36' title="bbox 864 1574 1483 1759">
     <span class='ocr_line' id='line_1_65' title="bbox 864 1574 1482 1614; baseline 0 -5"><span class='ocrx_word' id='word_1_193' title='bbox 864 1576 895 1609; x_wconf 92' lang='lat'>1.</span> <span class='ocrx_word' id='word_1_194' title='bbox 921 1574 988 1607; x_wconf 85' lang='lat' dir='ltr'>Iste</span> <span class='ocrx_word' id='word_1_195' title='bbox 1008 1577 1150 1614; x_wconf 75' lang='lat' dir='ltr'>sauctus,</span> <span class='ocrx_word' id='word_1_196' title='bbox 1176 1576 1262 1609; x_wconf 82' lang='lat' dir='ltr'>vitae</span> <span class='ocrx_word' id='word_1_197' title='bbox 1277 1577 1391 1609; x_wconf 80' lang='lat' dir='ltr'>merito</span> <span class='ocrx_word' id='word_1_198' title='bbox 1410 1576 1482 1609; x_wconf 82' lang='lat' dir='ltr'>lau-</span> 
     </span>
     <span class='ocr_line' id='line_1_66' title="bbox 923 1623 1482 1667; baseline 0.005 -13"><span class='ocrx_word' id='word_1_199' title='bbox 923 1623 1051 1664; x_wconf 78' lang='lat' dir='ltr'>dabilis,</span> <span class='ocrx_word' id='word_1_200' title='bbox 1079 1632 1197 1664; x_wconf 71' lang='lat' dir='ltr'>orans,</span> <span class='ocrx_word' id='word_1_201' title='bbox 1225 1624 1312 1663; x_wconf 71' lang='lat' dir='ltr'>quod</span> <span class='ocrx_word' id='word_1_202' title='bbox 1335 1625 1482 1667; x_wconf 69' lang='lat' dir='ltr'>eredidit,</span> 
     </span>
     <span class='ocr_line' id='line_1_67' title="bbox 921 1671 1483 1713; baseline 0.005 -11"><span class='ocrx_word' id='word_1_203' title='bbox 921 1671 959 1703; x_wconf 75' lang='lat' dir='ltr'>in</span> <span class='ocrx_word' id='word_1_204' title='bbox 982 1672 1080 1704; x_wconf 76' lang='lat' dir='ltr'>vinea</span> <span class='ocrx_word' id='word_1_205' title='bbox 1097 1671 1238 1704; x_wconf 73' lang='lat' dir='ltr'>Domini</span> <span class='ocrx_word' id='word_1_206' title='bbox 1258 1672 1362 1705; x_wconf 76' lang='lat' dir='ltr'>cultor</span> <span class='ocrx_word' id='word_1_207' title='bbox 1377 1672 1483 1713; x_wconf 75' lang='lat' dir='ltr'>fidelis</span> 
     </span>
     <span class='ocr_line' id='line_1_68' title="bbox 922 1719 1051 1759; baseline 0.008 -8"><span class='ocrx_word' id='word_1_208' title='bbox 922 1719 1051 1759; x_wconf 54' lang='lat' dir='ltr'>astitit,</span> 
     </span>
    </p>

    <p class='ocr_par' dir='ltr' id='par_1_37' title="bbox 849 1767 1251 1810">
     <span class='ocr_line' id='line_1_69' title="bbox 849 1767 1251 1810; baseline -0.007 -9"><span class='ocrx_word' id='word_1_209' title='bbox 849 1767 888 1801; x_wconf 94' lang='lat' dir='ltr'>V.</span> <span class='ocrx_word' id='word_1_210' title='bbox 919 1767 1022 1800; x_wconf 89' lang='lat' dir='ltr'>Uvam</span> <span class='ocrx_word' id='word_1_211' title='bbox 1049 1775 1251 1810; x_wconf 80' lang='lat' dir='ltr'>conservans,</span> 
     </span>
    </p>

    <p class='ocr_par' dir='ltr' id='par_1_38' title="bbox 969 1813 1440 1856">
     <span class='ocr_line' id='line_1_70' title="bbox 969 1813 1440 1856; baseline 0.004 -9"><span class='ocrx_word' id='word_1_212' title='bbox 969 1816 1036 1856; x_wconf 84' lang='lat' dir='ltr'>igni</span> <span class='ocrx_word' id='word_1_213' title='bbox 1062 1813 1211 1849; x_wconf 84' lang='lat' dir='ltr'>fruticem</span> <span class='ocrx_word' id='word_1_214' title='bbox 1238 1824 1440 1850; x_wconf 76' lang='lat' dir='ltr'>coacervans,</span> 
     </span>
    </p>
   </div>
   <div class='ocr_carea' id='block_1_27' title="bbox 849 1870 1484 2154">
    <p class='ocr_par' dir='ltr' id='par_1_39' title="bbox 862 1870 1484 2058">
     <span class='ocr_line' id='line_1_71' title="bbox 862 1870 1480 1914; baseline -0.002 -7"><span class='ocrx_word' id='word_1_215' title='bbox 862 1875 895 1907; x_wconf 82' lang='lat'>2.</span> <span class='ocrx_word' id='word_1_216' title='bbox 925 1870 1084 1906; x_wconf 68' lang='lat' dir='ltr'>Gamales</span> <span class='ocrx_word' id='word_1_217' title='bbox 1115 1873 1155 1905; x_wconf 73' lang='lat' dir='ltr'>in</span> <span class='ocrx_word' id='word_1_218' title='bbox 1187 1883 1221 1906; x_wconf 88' lang='lat' dir='ltr'>se</span> <span class='ocrx_word' id='word_1_219' title='bbox 1253 1873 1351 1906; x_wconf 69' lang='lat' dir='ltr'>tumus</span> <span class='ocrx_word' id='word_1_220' title='bbox 1376 1875 1480 1914; x_wconf 72' lang='lat' dir='ltr'>repri-</span> 
     </span>
     <span class='ocr_line' id='line_1_72' title="bbox 920 1920 1484 1962; baseline 0.005 -10"><span class='ocrx_word' id='word_1_221' title='bbox 920 1922 1038 1954; x_wconf 68' lang='lat' dir='ltr'>mendo</span> <span class='ocrx_word' id='word_1_222' title='bbox 1079 1920 1205 1954; x_wconf 80' lang='lat' dir='ltr'>lumbos</span> <span class='ocrx_word' id='word_1_223' title='bbox 1232 1922 1422 1962; x_wconf 60' lang='lat' dir='ltr'>praeciozoeit</span> <span class='ocrx_word' id='word_1_224' title='bbox 1455 1926 1484 1955; x_wconf 84' lang='lat' dir='ltr'>et</span> 
     </span>
     <span class='ocr_line' id='line_1_73' title="bbox 920 1969 1478 2002; baseline 0.002 -1"><span class='ocrx_word' id='word_1_225' title='bbox 920 1970 1075 2002; x_wconf 75' lang='lat' dir='ltr'>manibus</span> <span class='ocrx_word' id='word_1_226' title='bbox 1100 1970 1170 2002; x_wconf 73' lang='lat' dir='ltr'>sais</span> <span class='ocrx_word' id='word_1_227' title='bbox 1190 1969 1340 2002; x_wconf 70' lang='lat' dir='ltr'>lucernas</span> <span class='ocrx_word' id='word_1_228' title='bbox 1359 1970 1478 2002; x_wconf 69' lang='lat' dir='ltr'>arden-</span> 
     </span>
     <span class='ocr_line' id='line_1_74' title="bbox 924 2017 1108 2058; baseline -0.005 -9"><span class='ocrx_word' id='word_1_229' title='bbox 924 2019 970 2050; x_wconf 92' lang='lat' dir='ltr'>tes</span> <span class='ocrx_word' id='word_1_230' title='bbox 995 2017 1108 2058; x_wconf 64' lang='lat' dir='ltr'>tenuit1</span> 
     </span>
    </p>

    <p class='ocr_par' dir='ltr' id='par_1_40' title="bbox 849 2066 1211 2107">
     <span class='ocr_line' id='line_1_75' title="bbox 849 2066 1211 2107; baseline -0.008 -7"><span class='ocrx_word' id='word_1_231' title='bbox 849 2067 888 2100; x_wconf 91' lang='lat' dir='ltr'>V.</span> <span class='ocrx_word' id='word_1_232' title='bbox 916 2066 1120 2107; x_wconf 85' lang='lat' dir='ltr'>Respergens</span> <span class='ocrx_word' id='word_1_233' title='bbox 1145 2066 1211 2098; x_wconf 87' lang='lat' dir='ltr'>late</span> 
     </span>
    </p>

    <p class='ocr_par' dir='ltr' id='par_1_41' title="bbox 969 2113 1424 2154">
     <span class='ocr_line' id='line_1_76' title="bbox 969 2113 1424 2154; baseline 0.004 -8"><span class='ocrx_word' id='word_1_234' title='bbox 969 2114 1079 2154; x_wconf 87' lang='lat' dir='ltr'>plures</span> <span class='ocrx_word' id='word_1_235' title='bbox 1103 2123 1228 2146; x_wconf 89' lang='lat' dir='ltr'>morum</span> <span class='ocrx_word' id='word_1_236' title='bbox 1252 2113 1424 2153; x_wconf 84' lang='lat' dir='ltr'>probitate.</span> 
     </span>
    </p>
   </div>
   <div class='ocr_carea' id='block_1_28' title="bbox 851 2169 1483 2449">
    <p class='ocr_par' dir='ltr' id='par_1_42' title="bbox 863 2169 1483 2356">
     <span class='ocr_line' id='line_1_77' title="bbox 863 2169 1478 2213; baseline -0.002 -8"><span class='ocrx_word' id='word_1_237' title='bbox 863 2174 895 2205; x_wconf 85' lang='lat'>3.</span> <span class='ocrx_word' id='word_1_238' title='bbox 921 2171 1047 2203; x_wconf 87' lang='lat' dir='ltr'>Beatus</span> <span class='ocrx_word' id='word_1_239' title='bbox 1071 2169 1295 2212; x_wconf 71' lang='lat' dir='ltr'>Constantius,</span> <span class='ocrx_word' id='word_1_240' title='bbox 1323 2171 1403 2204; x_wconf 80' lang='lat' dir='ltr'>dum</span> <span class='ocrx_word' id='word_1_241' title='bbox 1425 2181 1478 2213; x_wconf 69' lang='lat' dir='ltr'>qe-</span> 
     </span>
     <span class='ocr_line' id='line_1_78' title="bbox 920 2218 1481 2260; baseline 0 -8"><span class='ocrx_word' id='word_1_242' title='bbox 920 2221 1005 2252; x_wconf 75' lang='lat' dir='ltr'>reret</span> <span class='ocrx_word' id='word_1_243' title='bbox 1021 2218 1169 2260; x_wconf 78' lang='lat' dir='ltr'>officium</span> <span class='ocrx_word' id='word_1_244' title='bbox 1184 2219 1374 2252; x_wconf 75' lang='lat' dir='ltr'>mandritae</span> <span class='ocrx_word' id='word_1_245' title='bbox 1389 2219 1481 2252; x_wconf 73' lang='lat' dir='ltr'>solti-</span> 
     </span>
     <span class='ocr_line' id='line_1_79' title="bbox 923 2266 1483 2308; baseline 0.005 -10"><span class='ocrx_word' id='word_1_246' title='bbox 923 2266 988 2306; x_wconf 78' lang='lat' dir='ltr'>citz&#39;,</span> <span class='ocrx_word' id='word_1_247' title='bbox 1011 2267 1110 2300; x_wconf 87' lang='lat' dir='ltr'>corda</span> <span class='ocrx_word' id='word_1_248' title='bbox 1122 2268 1348 2308; x_wconf 70' lang='lat' dir='ltr'>plurimorum</span> <span class='ocrx_word' id='word_1_249' title='bbox 1363 2267 1483 2301; x_wconf 70' lang='lat' dir='ltr'>imbuit</span> 
     </span>
     <span class='ocr_line' id='line_1_80' title="bbox 921 2315 1249 2356; baseline -0.003 -9"><span class='ocrx_word' id='word_1_250' title='bbox 921 2316 1137 2349; x_wconf 76' lang='lat' dir='ltr'>sacramentis</span> <span class='ocrx_word' id='word_1_251' title='bbox 1160 2315 1249 2356; x_wconf 76' lang='lat' dir='ltr'>fidei,</span> 
     </span>
    </p>

    <p class='ocr_par' dir='ltr' id='par_1_43' title="bbox 851 2363 1248 2404">
     <span class='ocr_line' id='line_1_81' title="bbox 851 2363 1248 2404; baseline -0.003 -8"><span class='ocrx_word' id='word_1_252' title='bbox 851 2364 889 2399; x_wconf 83' lang='lat' dir='ltr'>V.</span> <span class='ocrx_word' id='word_1_253' title='bbox 921 2363 1047 2404; x_wconf 85' lang='lat' dir='ltr'>Nempe</span> <span class='ocrx_word' id='word_1_254' title='bbox 1071 2363 1248 2397; x_wconf 84' lang='lat' dir='ltr'>revertenti</span> 
     </span>
    </p>

    <p class='ocr_par' dir='ltr' id='par_1_44' title="bbox 967 2411 1482 2449">
     <span class='ocr_line' id='line_1_82' title="bbox 967 2411 1482 2449; baseline 0.002 -5"><span class='ocrx_word' id='word_1_255' title='bbox 967 2411 1106 2445; x_wconf 90' lang='lat' dir='ltr'>Domino</span> <span class='ocrx_word' id='word_1_256' title='bbox 1138 2412 1217 2445; x_wconf 84' lang='lat' dir='ltr'>dans</span> <span class='ocrx_word' id='word_1_257' title='bbox 1242 2412 1333 2445; x_wconf 82' lang='lat' dir='ltr'>luera</span> <span class='ocrx_word' id='word_1_258' title='bbox 1357 2413 1482 2449; x_wconf 77' lang='lat' dir='ltr'>talenti.</span> 
     </span>
    </p>
   </div>
  </div>
 </body>
</html>
