1653 2567
662 733 684 765 1.
716 735 759 766 De
779 733 889 766 sancto
909 732 1052 765 Achatio.

339 806 385 838 In
413 807 443 839 1.
475 806 691 846 Vesperis.

417 890 614 927 Antiphonae.

211 962 241 994 1.
268 960 399 992 Adsunt
424 959 507 991 festa
532 959 671 999 gloriosa

316 1008 483 1039 beatorum
508 1009 697 1046 martyrum,

271 1056 330 1095 Qui
354 1054 413 1086 sub
438 1054 585 1087 Adriano
611 1053 699 1093 passi

318 1102 445 1143 palmae
471 1100 580 1133 ferunt
605 1101 760 1133 bravium.

207 1182 240 1213 2.
267 1178 442 1219 Adrianus,
469 1186 527 1210 rex
552 1176 717 1217 profanus,

315 1226 449 1259 adscitis
475 1234 531 1257 sex
556 1225 685 1265 regibus

267 1273 409 1306 Turbam
435 1281 561 1305 sacram
586 1273 783 1305 subnervare

313 1322 379 1354 suis
405 1323 544 1361 temptat
568 1321 702 1361 legibus.

208 1401 240 1435 3,
266 1399 334 1431 Leo
359 1396 525 1438 frendens,
552 1399 622 1429 rete
647 1397 795 1439 tendens,

318 1446 380 1479 diis
407 1446 564 1478 cervicem
588 1443 718 1477 flectere

267 1495 363 1527 Iubet
385 1495 527 1534 sanctos,
553 1493 612 1525 sed
635 1494 796 1525 incassum

317 1543 394 1574 litus
420 1544 492 1574 arat
517 1549 655 1574 vomere,

210 1622 242 1654 4,
263 1618 397 1651 Hostias
421 1617 528 1650 laudis
553 1617 694 1657 litamus,

315 1666 473 1707 inquiunt,
501 1665 667 1707 altissimo,

268 1715 356 1747 Deos
383 1722 483 1746 vanos
507 1711 686 1745 refutamus

317 1771 387 1795 cum
419 1762 484 1794 ritu
509 1762 713 1801 nequissimo.

391 1857 437 1885 Ad
457 1856 640 1894 Magnificat-

200 1928 240 1960 A.
274 1926 397 1965 Gaude,
424 1925 515 1966 virgo
539 1929 644 1958 mater
669 1924 814 1965 eeclesia,

319 1975 403 2014 regis
428 1975 538 2006 iuncta
563 1972 640 2014 filio,

269 2023 357 2063 Quae
382 2025 432 2055 tot
454 2024 547 2054 natos
572 2022 735 2054 laureatos

323 2072 363 2104 de
388 2070 482 2102 huius
507 2070 620 2102 mundi
647 2069 759 2101 exsilio

271 2118 511 2160 Repraesentas
532 2117 660 2159 pacifici

320 2166 499 2200 Salomonis
526 2166 611 2199 celso
636 2165 727 2206 solio,

270 2215 409 2254 Quorum
436 2214 553 2247 festum
580 2222 693 2247 sacrae

316 2262 477 2304 passionis

320 2312 453 2344 colimus
484 2320 555 2345 cum
580 2309 698 2351 gaudio

269 2359 444 2393 Defensari
467 2360 632 2400 cupientes

318 2409 432 2442 horum
455 2408 510 2449 pio
535 2406 727 2449 patrocinio.

1023 804 1083 836 Ad
1109 804 1377 838 Matutinum‚

1092 899 1310 927 Invitatorium.

958 968 1139 1000 Adoremus
1163 966 1334 998 Dominum

1009 1014 1194 1047 crucifixum
1219 1022 1304 1052 vere,

958 1064 1022 1096 Pro
1049 1071 1109 1103 quo
1137 1062 1219 1093 dena
1243 1061 1333 1093 milia

1008 1118 1132 1142 crucem
1158 1109 1295 1142 subiere.

1022 1255 1067 1286 In
1096 1254 1125 1285 1.
1152 1251 1383 1285 Nocturno.

1104 1346 1301 1381 Antiphonae.

929 1444 935 1450 ‚
962 1415 1032 1446 Viri
1053 1414 1231 1447 beatissimi

1006 1462 1187 1503 pestilentis
1213 1461 1358 1495 Caesaris

959 1510 1032 1543 Non
1057 1512 1205 1551 perstant
1228 1510 1262 1542 in
1288 1509 1409 1541 semitis

1007 1562 1061 1590 aut
1086 1559 1203 1598 parent
1228 1558 1379 1591 consiliis

926 1650 933 1659 .
959 1625 1140 1658 Frementis
1165 1625 1291 1657 insania

960 1673 1151 1706 Machinans
1175 1672 1284 1705 inania

1009 1722 1129 1754 Contra
1152 1720 1272 1754 Christi
1297 1724 1455 1760 martyres

1009 1768 1072 1801 Sex
1097 1768 1235 1801 adscivit
1261 1777 1421 1809 proceres.

926 1865 933 1873 ,
962 1835 1062 1869 Sacra
1086 1836 1182 1868 turba
1207 1838 1384 1875 martyrum

959 1884 1062 1917 Ferre
1088 1884 1149 1916 diis
1174 1884 1329 1916 libamina

1011 1934 1156 1971 Artatur,
1184 1932 1378 1975 recalcitrat,

1008 1981 1114 2013 Iesum
1140 1980 1300 2014 Christum
1327 1980 1466 2014 invocat.

929 2076 937 2084 .
964 2048 1153 2081 Gloriantur
1177 2051 1337 2089 martyres

1009 2097 1043 2128 in
1068 2099 1110 2137 te,
1137 2097 1212 2129 Iesu
1236 2096 1329 2135 bone,

963 2144 1047 2183 Quos
1074 2153 1206 2176 coronas
1234 2143 1373 2176 dulciter

1009 2201 1108 2224 missa
1131 2200 1290 2232 passmne.

928 2286 937 2296 .
964 2261 1038 2295 Iesu
1064 2259 1201 2300 Christe,
1228 2261 1317 2292 tuum
1342 2268 1458 2293 nomen

1010 2307 1123 2341 laudat
1147 2307 1338 2341 admirabile

964 2356 1163 2390 Candidatus
1188 2365 1267 2397 grex
1292 2359 1475 2390 sanctorum

1010 2414 1069 2446 pro
1095 2407 1128 2437 te
1152 2403 1224 2437 fuso
1249 2406 1413 2446 sanguine.
