1653 2567
322 220 386 252 Ad
412 221 679 254 Matutinum.

391 295 610 323 Invitatorium.

253 353 434 385 Adoremus
458 353 633 386 Dominum

301 409 471 442 regemque
493 401 673 442 viduarum,

254 448 313 490 Qui
339 457 379 481 ex
405 449 551 490 Ungaria
575 449 711 489 protulit

301 496 479 536 pretiosum
503 497 699 529 thesaurum.

318 641 362 673 In
392 641 422 675 1.
451 641 684 674 Nocturno.

404 726 601 763 Antiphonae.

197 794 228 827 1.
255 794 309 826 Ex
333 793 505 826 infantium
531 803 587 826 ore

302 842 553 882 lactentiumque
577 850 686 875 amore

252 889 398 922 Laudem
422 888 600 931 perfecisti,

302 937 387 969 hanc
414 939 486 971 dum
516 938 613 970 caelis
638 937 801 971 invexisti.

196 997 226 1030 2.
257 995 402 1028 Gloriam
429 995 510 1028 caeli

304 1047 457 1076 enarrant
482 1046 514 1074 et
539 1052 638 1083 opera
662 1042 733 1086 Dei,

252 1092 338 1124 Dum
363 1092 398 1123 iu
422 1090 623 1123 firmamento

813 123 882 160 265
932 144 979 148 —

877 506 915 540 V.

890 811 920 843 1.

303 1148 422 1180 sponsa
436 1136 672 1184 [eon]iungitur
681 1137 819 1171 Christo.

199 1199 230 1231 3.
258 1197 430 1230 Plenitudo
456 1200 573 1239 terrae,

302 1245 401 1277 maris
428 1248 460 1277 et
485 1244 625 1276 omnium
650 1252 758 1276 rerum

252 1293 385 1326 Domini
411 1293 540 1332 dicitur,

301 1341 382 1372 haec
406 1341 506 1373 vidua
532 1340 606 1372 dum
631 1341 774 1373 vocatur.

396 1435 606 1472 Responsoria.

199 1496 231 1530 1.
256 1494 430 1528 Elisabeth
454 1494 567 1535 regina

895 1498 924 1530 1.

303 1542 508 1583 Ungarorum
532 1542 636 1583 stirpe
661 1549 812 1581 suprema

258 1593 422 1632 Pauperes
448 1590 598 1630 amando,

301 1648 480 1681 pauperum
505 1638 575 1670 lues
600 1637 750 1677 lavando,

257 1688 362 1729 Caput
386 1690 419 1719 et
439 1686 552 1729 pedes,

304 1744 375 1767 cum
394 1735 523 1768 Christo
548 1736 586 1767 ut
610 1736 694 1766 esset
710 1733 822 1773 heres;

182 1785 222 1818 V.
251 1785 363 1824 Beata,
391 1793 473 1825 quae
497 1782 589 1826 texit,

304 1841 481 1874 pauperum
508 1830 654 1863 membra
681 1829 805 1862 dilexit.

200 1893 232 1926 2.
258 1890 429 1923 Elisabeth
458 1884 614 1935 [saneta],

304 1939 495 1971 miserorum
516 1937 570 1969 via
594 1938 694 1975 recta,

256 1987 418 2029 Leprosos
443 1985 589 2029 mundas⁷

882 1978 921 2012 V.

303 2044 489 2077 precamur,
515 2036 553 2065 ut
576 2033 680 2065 oleum
705 2030 823 2063 fundas

255 2084 306 2117 De
331 2086 464 2125 pectore
489 2090 592 2121 sacro,

307 2131 436 2164 Christo
461 2133 498 2163 ut
520 2130 633 2170 iungas
658 2136 786 2170 sponso,

258 2182 342 2221 Quos
370 2183 402 2211 et
426 2178 607 2212 Leviathan

896 2088 927 2118 2.

307 2227 470 2269 depressit
488 2234 557 2258 cum
578 2226 662 2257 malo
680 2223 822 2263 Dafflan,

186 2278 225 2312 V.
251 2278 294 2310 Et
319 2276 426 2309 vinxit
450 2276 531 2317 luto,

306 2325 427 2358 mundo
454 2323 538 2357 texit
561 2324 664 2355 scuto.

199 2387 229 2419 3.
259 2382 430 2416 Elisabeth
453 2382 519 2423 pia,

304 2433 342 2462 ut
364 2429 468 2465 filium
492 2427 621 2471 planxit
644 2425 763 2465 Maria,

947 222 1101 253 Maritum
1126 229 1233 252 carum

995 269 1105 310 plorat
1129 268 1170 299 ad
1193 275 1302 308 regem
1326 275 1446 307 regum,

944 315 1102 357 Obsequio
1128 323 1256 347 suorum

997 363 1185 396 clericorum
1210 372 1248 394 ac
1271 362 1427 393 laicorum

946 411 1124 452 Exsequias
1150 413 1254 451 parat,

994 460 1095 491 virum
1121 461 1158 490 ut
1180 466 1288 490 carum
1316 457 1473 498 deploret,

945 506 1053 538 Milite
1077 505 1163 538 facto

995 555 1149 596 signoque
1174 552 1277 585 crucis
1303 552 1441 592 signato.

1012 679 1058 711 In
1084 679 1117 710 2.
1145 677 1376 709 Nocturno.

1097 752 1292 788 Antiphonac.

950 811 1073 843 Vestitu
1099 810 1251 843 deaurato

996 858 1086 890 stetit
1112 858 1239 891 Christo
1266 866 1285 889 a
1311 858 1443 896 dextris‚

950 906 1113 938 Virtutum
1136 904 1216 937 flore

1000 955 1157 986 adornata
1182 962 1253 985 cum
1277 952 1379 985 iustis.

954 1012 1050 1044 Suum
1077 1009 1318 1042 tabernaculum

999 1058 1086 1090 Deus
1112 1057 1343 1097 sanctificabat,

949 1105 1119 1138 Elisabeth
1144 1106 1288 1145 reginam

999 1163 1038 1187 ex
1063 1153 1203 1193 Ungaris
1229 1154 1302 1185 dum
1328 1151 1476 1184 vocabat.

951 1210 1206 1243 Fundamentum
1232 1218 1421 1251 pauperum,

999 1267 1164 1291 caecorum
1191 1261 1223 1289 et
1246 1257 1446 1297 miserorum,

950 1306 1042 1338 Haec
1067 1303 1178 1349 (bene)
1205 1305 1308 1337 erexit
1332 1307 1481 1343 montem,

1000 1354 1076 1387 Sion
1087 1362 1157 1385 oum
1169 1353 1285 1385 dilexit
1293 1351 1512 1385 fundamenta.

1091 1438 1299 1475 Responsoria.

949 1497 1130 1535 Elisabeth,
1157 1499 1192 1528 tu
1216 1505 1293 1529 rosa

1000 1546 1085 1577 inter
1110 1545 1220 1585 spinas
1246 1542 1398 1577 formosa.

956 1594 1132 1627 ancorum
1153 1593 1260 1624 lumen

1000 1643 1262 1681 mortuorumque
1288 1641 1440 1680 solamen,

954 1690 1115 1731 Leprosos
1139 1689 1275 1721 mundas

1001 1741 1032 1770 et
1057 1736 1130 1770 labe
1154 1740 1257 1769 tactos
1282 1740 1318 1768 ut
1341 1736 1445 1769 undas

953 1787 1056 1819 Puros
1081 1784 1172 1828 facis,

1001 1834 1156 1867 oscularis
1182 1841 1259 1873 quos
1283 1833 1392 1864 osculo
1414 1832 1515 1874 pacis,

953 1883 999 1915 Et
1022 1882 1142 1915 saniem
1169 1881 1269 1920 radis,

1001 1932 1112 1963 ulcera
1138 1931 1213 1962 dum
1238 1929 1389 1970 pauperis
1416 1929 1515 1970 lavam,

952 1980 1007 2012 Ad
1032 1982 1065 2011 te
1091 1978 1197 2009 cuncti
1224 1978 1370 2019 clamant,

1005 2026 1168 2060 Christum
1194 2025 1248 2065 qui
1273 2033 1354 2065 pure
1380 2026 1497 2056 amant.

952 2083 1122 2117 Elisabeth
1147 2083 1258 2123 signis,

999 2131 1163 2164 miraculis
1186 2129 1251 2162 fide
1278 2129 1382 2169 dignis

953 2181 1093 2221 Reginas
1119 2177 1297 2220 praecellit,

1006 2229 1192 2260 cunctorum
1218 2227 1346 2259 morbos
1372 2225 1476 2267 pellit,

956 2278 1135 2318 Pauperem
1162 2274 1324 2307 Christum

1005 2332 1105 2366 opere
1130 2323 1212 2355 bono
1237 2325 1357 2361 secuta,

954 2372 1087 2405 Debiles
1113 2371 1268 2408 sanando,

1004 2419 1124 2452 debilia
1147 2419 1292 2451 membra
1317 2419 1469 2460 curando,
