1653 2567
649 99 900 135 —107—

553 202 597 232 37.
630 202 674 233 De
693 202 802 233 sancta
822 201 997 243 Apollonia.

256 288 300 320 In
330 288 360 322 1.
389 288 608 329 Vesperis.

331 363 529 400 Antiphonae.

152 457 158 464 .
185 431 301 471 Fulget
327 431 395 463 dies
420 431 573 471 laetitiae,

187 478 255 518 Qua
277 479 366 519 virgo
393 479 568 518 Apollonia

186 527 355 567 Olympum
380 526 506 559 scandit
530 526 661 568 gloriae,

185 574 278 607 Nova
303 578 436 615 crepant
459 573 641 615 praeconia.

153 657 161 666 ,
187 632 310 664 Aether
336 632 478 672 gaudens
506 631 683 670 citharizat,

185 679 309 712 Premit
333 680 412 713 odas
440 679 628 718 dulcedinis,

188 728 320 762 Cosmus
345 727 482 767 plaudit,
509 728 709 767 tympanizat

186 776 240 808 Ad
268 777 363 808 decus
388 776 482 808 huius
509 775 649 815 virginis.

152 861 158 868 .
186 833 278 866 Haec
304 835 352 865 est
377 833 477 875 enim,
507 841 588 873 quae
613 833 748 864 nescivit

186 881 327 913 Thorum
351 881 384 913 in
412 881 521 913 delicti
545 880 650 921 sorde,

187 928 298 962 Carnis
323 929 420 968 luem,
448 938 497 969 en,
524 928 644 969 sopivit

186 977 300 1009 Insons
326 980 443 1017 mente,
469 979 557 1009 casta
581 977 687 1009 corde.

152 1060 159 1068 .
184 1034 296 1067 Oleum
322 1035 442 1074 quippe
467 1034 610 1066 caritatis

188 1082 253 1114 Sua
275 1082 427 1122 lampade
451 1081 551 1123 gessit
574 1081 663 1120 satis,

187 1130 279 1169 Quod
303 1130 442 1162 ubertim
470 1128 582 1161 effudit
605 1129 704 1170 gratis

186 1177 224 1210 In
246 1178 392 1211 iuvamen
418 1177 618 1219 proximatis.

153 1261 160 1268 .
187 1235 257 1267 Tua
280 1235 372 1267 nobis
395 1234 576 1276 patrocinia

184 1283 314 1323 Adsint,
344 1283 482 1315 clemens
506 1282 690 1322 Apollonia,

185 1330 235 1363 Ne
257 1331 394 1363 hostium
422 1330 497 1363 victi
524 1328 692 1363 fraudibus

185 1380 215 1411 A
240 1379 303 1411 tuis
330 1387 487 1411 cessemus
512 1378 674 1412 laudibus.

149 1461 155 1468 .
186 1436 348 1469 Christum
372 1437 540 1469 laudemus

234 1484 382 1516 immensi
406 1484 520 1525 bravii,

192 1533 252 1572 Qui
278 1533 411 1564 electam

234 1589 383 1621 sponsam
410 1579 614 1620 Apolloniam

187 1628 251 1661 Per
276 1629 464 1668 trophaeum

236 1677 376 1709 vectavit
399 1676 547 1716 martyrii

186 1724 225 1757 In
253 1727 437 1757 sanctorum

236 1774 487 1813 triumphantem
514 1771 654 1811 curiam3

150 1846 157 1853 .
186 1820 376 1862 Margaritis
402 1818 610 1854 vernantibus

187 1869 233 1903 Et
258 1870 384 1902 coronis
410 1867 614 1901 stellantibus

237 1918 373 1950 Ornavit
398 1927 467 1949 eam
493 1915 637 1949 mirifice.

309 2003 354 2030 Ad
374 2002 558 2039 Magnificat.

153 2088 160 2094 .
193 2062 217 2095 O
244 2062 404 2095 castitatis
428 2061 543 2102 lilium,

233 2110 321 2144 Rosa
343 2118 483 2142 vernans
509 2109 663 2148 caritatis,

188 2158 214 2192 Ο
237 2158 367 2192 virtutis
393 2158 599 2201 solsequium,

236 2206 329 2240 Oliva
353 2206 532 2248 suavitatis,

187 2255 249 2288 Pro
276 2255 338 2287 tuis
365 2254 466 2287 funde
491 2253 620 2287 famulis

235 2303 355 2337 Preces
381 2303 520 2344 supplex
546 2301 751 2344 verbigenae,

191 2351 235 2385 Ut
259 2351 363 2384 hostis
390 2352 494 2392 ruptis
520 2350 654 2383 vinculis

237 2400 311 2433 Tibi
338 2401 483 2432 serviant
507 2406 627 2432 serene.

948 290 994 323 In
1023 291 1053 322 2.
1082 289 1190 331 Vesp
1203 291 1297 322 eriS.

1025 364 1223 400 Antiphontis.

818 434 848 465 1.
875 432 1065 474 Iucundare,
1090 432 1273 473 Apollonia,

877 479 1044 520 Signorum
1072 480 1158 512 clara
1184 481 1366 520 virtutibus,

878 528 1036 567 Agonista
1062 527 1180 561 Christi
1207 530 1351 571 praevia,

876 575 1051 608 Tortorum
1074 584 1139 608 non
1164 576 1280 608 cedens
1306 576 1434 610 ictibus,

818 642 848 675 2.
877 641 990 673 Vicisti
1000 642 1152 674 mundum
1163 642 1437 683 huncmalignum‚

877 690 991 721 Vicisti
1012 689 1194 721 daemonem
1217 693 1436 730 temptantem,

878 737 941 770 Cor
950 745 1063 778 gerens
1076 741 1207 776 castum,
1217 737 1285 770 Deo
1298 738 1437 778 dignum,

878 784 991 816 Vicisti
1019 793 1147 817 carnem
1169 786 1375 825 petulantem.

819 854 850 886 3.
876 852 944 884 Nos
969 853 1025 884 tua
1049 855 1220 892 protegant
1239 853 1356 885 merita

877 900 929 932 Ab
954 900 1056 938 hoste,
1084 908 1181 932 carne
1206 903 1237 931 et
1260 901 1400 940 saeculo,

879 947 1053 987 Culparum
1082 947 1254 987 deplanent
1282 948 1400 991 debita,

878 995 969 1027 Omni
996 1000 1185 1028 succurrant
1210 996 1363 1035 periculo.

816 1066 847 1095 4.
874 1061 980 1103 Digna
1003 1062 1110 1103 laude,
1138 1065 1261 1102 martyr
1285 1066 1395 1103 grata‚'

875 1110 971 1142 Alma
997 1110 1098 1151 virgo,
1126 1118 1240 1149 expers
1268 1111 1343 1145 doli,

876 1157 938 1190 Per
965 1162 996 1189 te
1022 1158 1073 1190 via
1099 1160 1197 1197 certa⁷
1223 1161 1294 1191 rata

880 1206 1037 1238 Panditur
1061 1205 1096 1237 in
1120 1214 1227 1237 arcem
1253 1206 1331 1245 poli.

820 1274 851 1306 5,
878 1272 948 1305 Tua
971 1281 1069 1313 prece
1094 1281 1151 1304 nos
1178 1271 1361 1306 confortare

877 1319 1029 1364 Dignare,
1059 1320 1179 1355 Christi
1204 1322 1293 1361 pugil
1311 1320 1415 1361 fortis,

878 1367 924 1401 Et
948 1369 980 1400 in
1007 1368 1127 1401 virtute
1152 1368 1315 1409 roborare,

878 1415 929 1448 Ne
954 1425 1082 1448 ruamus
1108 1426 1209 1456 agone
1234 1417 1356 1455 mortis,

880 1463 927 1496 Te
950 1464 1080 1496 iuvante
1106 1464 1288 1505 evadamus,

881 1512 980 1552 Lapsi
1006 1520 1064 1551 per
1089 1513 1122 1544 ‘te
1148 1520 1360 1553 resurgamus.

809 1579 847 1613 R.
880 1577 1003 1618 Graude,
1031 1587 1113 1618 quae
1135 1579 1169 1610 in
1196 1579 1292 1611 terris
1317 1581 1422 1619 posita

880 1626 985 1658 Deum
1009 1626 1043 1659 in
1067 1626 1183 1658 throno
1209 1627 1385 1660 maiestatis

883 1674 1013 1714 Vidisti,
1036 1675 1146 1715 puella
1170 1674 1292 1715 inclita,

882 1722 977 1756 Caelo
1002 1725 1114 1763 aperto
1141 1723 1316 1763 claritatis;

885 1770 1007 1812 Gaude,
1035 1770 1110 1811 quia
1135 1772 1190 1803 tua
1213 1772 1322 1812 passio

883 1818 1071 1860 Victoriosa‚
1099 1822 1192 1860 grata

881 1868 1006 1909 Angelo
1034 1867 1164 1899 caelesti
1189 1868 1300 1900 nuntio

881 1915 954 1947 Tibi
981 1918 1087 1948 exstat
1110 1916 1353 1957 praenuntiata3

811 1964 849 1996 V.
877 1964 1005 1997 Annulo
1031 1973 1087 1996 suo
1114 1967 1146 1996 te

930 2011 1075 2045 Christus
1100 2011 1274 2044 subarrhax»
1281 2012 1316 2052 tt,

882 2059 926 2091 Et
951 2068 1101 2099 sponsam
1127 2068 1316 2100 praecaram

928 2108 990 2141 sibi
1015 2108 1159 2140 sociavit.

1009 2192 1056 2220 Ad
1077 2191 1260 2230 Magnificat.

811 2253 851 2285 A.
884 2252 908 2285 O
936 2252 1035 2295 virgo,
1063 2251 1206 2292 germine
1230 2251 1346 2285 nobilis
1371 2264 1374 2267 ·

930 2300 974 2332 Et
1000 2308 1121 2332 morum
1148 2300 1267 2332 virtute
1293 2302 1388 2347 clara,

882 2348 1049 2388 Exemplis
1077 2346 1165 2380 facta
1191 2357 1224 2381 es
1249 2348 1378 2385 humilis

933 2396 1052 2429 Christi
1079 2396 1232 2431 ancillula
1255 2406 1341 2441 cara,
