1653 2567
229 213 401 254 Monstrat,
431 218 559 245 sanctus

280 269 373 301 quam
397 261 439 292 sit
462 260 605 295 eximius.

234 318 344 352 Caecis
369 317 466 357 visus,

279 365 385 397 surdis
411 364 542 404 auditio,

236 412 366 445 claudis
391 420 528 451 gressus,

281 459 377 491 mutis
400 459 528 498 locutio,

234 506 435 539 Daemonicis

280 553 381 586 hostis
406 552 548 592 expulsio

237 600 448 634 Conseruntur

282 648 384 680 sancti
409 647 591 687 praesidio;

164 696 202 728 V.
235 697 274 729 In
298 695 431 728 salutem

284 744 450 782 languores
475 744 650 781 transeunt,

234 790 408 822 Morientes

283 838 317 869 in
342 836 438 868 vitam
464 836 607 868 redeunt.

179 895 210 927 3.
235 895 261 926 O
287 902 379 933 quam
406 893 500 925 claris

287 939 436 980 splendet
458 939 619 970 miraculis

241 987 371 1020 Praesul
396 990 533 1025 sanctus,

285 1034 387 1074 gaude
412 1033 575 1073 Neapolis,

241 1082 299 1113 His
323 1083 468 1122 protecta

287 1132 321 1160 tu
346 1127 591 1168 propugnaculis

239 1175 311 1207 Non
340 1174 465 1206 timebis

288 1223 328 1254 ab
352 1222 454 1253 hostis
477 1221 610 1262 iaculis3

174 1270 212 1302 V.
244 1270 347 1309 Super
373 1269 476 1300 nivem

286 1327 305 1349 a
330 1316 449 1348 cunctis
474 1315 605 1347 maculis

242 1363 429 1396 Candidaris

292 1414 386 1449 atque
410 1409 555 1449 piaculis.

175 321 205 351 lu*

336 1495 380 1526 In
406 1493 638 1526 Laudibus.

391 1558 587 1595 Antiphonae.

185 1618 218 1651 1.
245 1618 295 1650 Ex
322 1617 388 1649 eius
413 1618 512 1648 saeris
538 1616 669 1648 artubus

294 1664 380 1698 Odor
406 1664 577 1701 exhalavit,

248 1712 343 1745 Cuius
373 1720 499 1751 semper
522 1711 554 1741 in
581 1711 704 1742 actibus

294 1759 448 1791 Dominus
473 1758 627 1797 regnavit.

191 1818 222 1849 2.
248 1816 385 1849 Iubilate
409 1824 493 1846 nunc
519 1815 641 1855 cognito

295 1863 455 1896 Piaesulis
481 1860 642 1905 beneficio,

783 114 850 150 116
901 134 943 138 -

914 210 982 242 Deo
1010 209 1115 242 dicate
1139 208 1266 241 reddito

963 257 1120 297 Demptae
1147 256 1233 289 vocis
1258 253 1374 287 officio.

858 316 888 347 3.
915 315 969 347 Ad
994 316 1026 345 te
1053 314 1092 346 de
1116 315 1189 346 luce
1209 312 1320 352 populi

963 361 1083 401 Vigiles
1110 362 1283 400 elevantur,

918 410 1044 442 Virtute.
1070 410 1157 440 cuius
1183 408 1266 439 oculi

967 456 1060 489 Caeci
1083 455 1312 487 illuminantur.

857 515 889 547 4.
918 513 1148 545 Benedicamus
1175 511 1357 549 Dominum,

966 560 1061 593 Cuius
1084 560 1202 591 virtute
1229 559 1322 590 datur

918 607 1053 646 Sanctis,
1080 610 1116 639 ut
1140 606 1289 638 membris
1311 604 1472 637 hominum

964 656 1107 687 Daemon
1133 653 1299 687 abiciatur.

859 714 890 745 5.
917 711 1062 745 Laudate
1088 710 1232 743 devotius

965 758 1133 791 Dominum
1162 757 1202 789 de
1226 757 1331 794 caelis,

918 807 977 840 Cui
1001 814 1085 837 nunc
1111 805 1302 837 Athanasius

967 854 1140 893 Corregnat
1170 851 1284 884 fidelis.

1036 927 1082 954 Ad
1106 926 1290 955 Benedictus.

846 977 885 1008 A.
917 975 1109 1008 Benedictus

965 1023 1149 1062 redemptor
1173 1022 1320 1064 omnium,

921 1071 979 1109 Qui
1003 1068 1152 1101 festivum

970 1118 1025 1149 dat
1049 1117 1139 1148 nobis
1163 1116 1323 1156 gaudium,

923 1165 1007 1196 Dum
1032 1164 1073 1195 ad
1101 1164 1179 1196 caeli

970 1210 1104 1243 sublime
1129 1211 1273 1243 bravium

925 1258 1073 1290 Sanctum
1100 1261 1193 1291 vocat

971 1308 1044 1346 post
1068 1314 1176 1338 cursus
1201 1306 1348 1337 stadium.

991 1400 1038 1432 In
1064 1402 1096 1432 2.
1123 1400 1341 1439 Vesperis.

1049 1474 1095 1502 Ad
1114 1474 1294 1509 Magnificat.

855 1533 896 1564 A.
928 1533 953 1565 O
979 1531 1125 1573 pontifex
1151 1533 1286 1573 egregie,

975 1581 999 1613 O
1026 1581 1226 1612 sacerdotum
1251 1581 1364 1621 gloria,

926 1628 1093 1666 Athanasi,
1121 1636 1176 1660 vas
1202 1629 1334 1667 gratiae,

974 1675 1043 1707 Tua
1067 1684 1125 1714 per
1149 1676 1327 1715 patrocinia

930 1721 1047 1754 Obtine
1069 1722 1164 1756 nohis
1187 1722 1285 1755 hodie

975 1769 1036 1801 Dei
1061 1769 1216 1801 beneficia

929 1816 974 1848 Et
997 1819 1071 1856 post
1094 1817 1185 1849 huius
1211 1818 1358 1850 miseriae

978 1864 1110 1896 Cursum
1135 1867 1266 1896 aeterna
1291 1865 1417 1905 gaudia.

252 1929 356 1973 Propr.
384 1936 436 1954 ms.
465 1927 692 1962 Neapolitanum
719 1928 788 1963 imp.
808 1928 934 1963 Neapoli
961 1926 1042 1956 1525.
1074 1943 1112 1947 —
1137 1930 1178 1957 In
1208 1928 1231 1957 1.
1253 1930 1357 1966 Vesp.
1379 1928 1400 1955 Α
1424 1929 1449 1967 1,
1470 1929 1488 1959 3

177 1967 275 2001 Maryt
277 1968 318 1994 iis
344 1967 453 1992 votum.
481 1979 517 1984 -—
544 1963 566 1990 Α
587 1963 613 1998 3,
637 1964 654 1992 2
676 1964 870 1993 Constituens.
892 1967 991 1994 —In
1013 1965 1036 1993 1.
1058 1967 1158 1995 Noct.
1180 1965 1202 1993 Α
1227 1966 1250 2001 1,
1272 1966 1290 1994 2
1309 1968 1428 1996 Fluens.
1450 1984 1487 1987 —

177 2005 218 2032 In
244 1976 275 2031 2y
296 2005 397 2032 Noet.
423 2001 444 2028 Α
470 2002 502 2036 1,
523 2000 541 2030 3
572 2003 673 2030 oculis.
702 2017 738 2021 —
770 2002 810 2031 In
836 2001 862 2031 3.
883 2004 986 2032 Noct.
1012 2001 1032 2029 R
1053 2002 1086 2038 2,
1108 2003 1126 2032 2
1153 2005 1281 2033 auditus.
1310 2020 1348 2025 —-
1376 2004 1396 2032 R
1419 2005 1449 2042 2,
1471 2006 1488 2035 5

177 2042 394 2070 Daemoniaeis.
422 2056 459 2060 —
489 2038 508 2067 Β
532 2038 563 2074 3,
586 2039 602 2068 6
628 2043 660 2068 tu
679 2040 760 2068 fehlt.
786 2057 825 2061 -—
850 2042 908 2069 Die
927 2051 993 2070 zum
1014 2042 1147 2071 Officium
1169 2044 1331 2080 {remorigen
1350 2045 1490 2080 Hymuen

180 2081 238 2117 vgl.
260 2081 344 2108 Anal.
368 2080 478 2114 XXIII,
501 2077 610 2107 N1u70
630 2078 690 2106 und
709 2077 756 2105 71.

623 2172 673 2202 42.
698 2171 740 2202 De
761 2171 871 2203 sancta
891 2171 1043 2204 Barbara.

317 2234 363 2266 ln
390 2233 419 2266 1.
446 2234 474 2266 V
486 2241 555 2273 esp
567 2233 665 2266 eris.

399 2289 596 2325 Antiphonae.

196 2340 226 2371 1.
254 2338 457 2371 Gratulemur
482 2338 549 2378 regi
576 2339 671 2379 digna

302 2386 480 2419 Psallentes
506 2387 687 2426 praeconia,

935 2234 995 2273 Qui
1021 2234 1135 2267 ditavit
1159 2235 1206 2268 sic
1230 2246 1289 2277 per
1314 2239 1405 2278 signa

980 2282 1157 2315 Barbaram
1182 2284 1329 2325 insignia.

880 2341 910 2373 2.
940 2339 1027 2371 Haec
1049 2341 1217 2380 praeclara
1242 2342 1344 2383 stirpe
1371 2344 1459 2377 clara

985 2387 1091 2420 Decus
1115 2389 1226 2422 mundi
1251 2391 1385 2432 respuit,
