1653 2567
691 109 927 145 -49-

165 200 197 232 2.
222 200 354 232 Auditis
380 201 600 236 confitentium
624 206 769 245 peccatis
856 208 887 240 3.
914 206 969 240 Nil
995 210 1125 240 veretur
1150 208 1272 252 durum,

222 248 378 280 Plorabat
402 250 601 284 amarissime
913 255 1108 296 Repugnans
1133 256 1324 289 Caesaribus

218 294 264 326 Et
287 295 330 327 ad
355 296 474 329 luctum
500 300 699 337 provocabat
913 303 977 335 Pro
1005 303 1121 336 divinis
1146 303 1268 336 laribus

223 343 429 375 Paenitentes
453 346 652 386 saepissime,
912 351 1024 383 Posuit
1047 359 1082 383 se
1106 360 1239 383 murum,

224 390 278 423 Sic
304 391 440 423 caritate
464 392 632 426 stimulans

223 437 342 470 Flebat
368 448 438 471 cum
464 438 626 474 fientibus,
855 436 886 467 4.
914 436 952 467 Iu
978 438 1149 478 conspectu
1174 436 1335 468 hominum

149 485 188 517 V.
218 485 390 526 Propitius
412 490 477 519 esto
489 489 633 529 peccatis
651 490 782 532 nostris,
913 483 1018 514 Vitam
1043 492 1108 515 ΒΘΗ
1132 484 1262 517 erubuit,

222 533 376 578 Domine,
389 539 527 575 propter
550 546 670 569 nomen
686 547 780 570 sanc-
912 530 981 562 Νθθ
1005 531 1086 564 mosi
1110 532 1277 571 pertimuit

220 584 290 614 tum
314 584 419 615 tumn,
909 577 1080 610 confidens
1105 579 1137 611 in
1163 578 1345 613 Dominum.

164 669 196 700 3.
225 668 303 701 Cum
328 668 484 700 malorum
511 670 649 702 omnium
853 664 884 695 5.
912 663 1066 703 Spiritum
1093 665 1230 697 armavit

220 715 387 757 Radicem,
414 716 594 757 avaritiam,
910 710 1037 750 Vigiliis
1063 713 1097 742 et
1118 712 1245 746 ieiuniis

222 763 357 796 Videret
380 763 587 804 invalescere,
911 758 955 790 Et
984 758 1107 791 devotis
1133 759 1274 791 lacrimis

217 810 408 844 Medullitus
433 812 597 852 ingemuit,
910 806 1027 837 Hostes
1053 807 1265 847 propulsavit.

217 857 463 898 Deprecabatur
487 857 669 899 Dominum,

214 905 260 938 Ut
285 905 325 937 ab
351 906 512 938 aerumnis
537 907 658 938 saeculi
1024 919 1070 948 Ad
1090 920 1279 949 Benedictus.

216 952 366 985 Liberari
392 955 562 994 mereatur,
1023 988 1029 994 ,
1286 989 1292 995 ,

216 1000 262 1033 Et
286 1001 428 1041 gaudens
455 1002 515 1034 hoc
540 1002 686 1035 obtinuit.
835 987 877 1019 A·
907 988 1102 1042 Bepeshfitus
1129 998 1172 1030 ΕΒ)
1199 988 1346 1042 ,ΒΟῙΠΙΠθν

216 1048 376 1081 Futurum
400 1052 513 1081 narrat
536 1048 703 1090 fratribus,
908 1036 967 1089 ΩΨ
991 1034 1066 1068 filus
1093 1037 1247 1069 eesslefflae

214 1096 303 1136 Quod
331 1097 363 1128 jn
389 1097 509 1135 pascha
536 1097 663 1129 Domini
906 1083 997 1115 Pium
1023 1086 1148 1122 patrem
1175 1087 1206 1114 et
1229 1088 1402 1124 patronum

209 1143 375 1176 Dormiret
400 1152 470 1175 culn
495 1145 653 1184 patribus,
908 1130 1144 1184 Sanctumdas
1170 1131 1389 1175 AfflbsOSiUffl,

140 1191 177 1223 V.
211 1191 325 1230 Beati,
357 1191 414 1231 qm
446 1191 596 1224 habitant
618 1191 654 1223 in
682 1193 775 1225 domo
905 1177 952 1236 Ῑῖῖ
976 1178 1130 1210 docmffls
1156 1180 1262 1211 luceat

208 1241 277 1279 tua,
303 1238 457 1283 Domine,
481 1240 520 1271 in
543 1239 677 1273 saecula
699 1249 770 1273 sac·
902 1225 948 1257 Et
975 1227 1120 1266 exemplo
1147 1226 1279 1267 fulgeat,

213 1287 361 1320 culorum
386 1286 571 1320 laudabunt
594 1292 632 1321 te.

975 1380 1022 1411 111
1048 1383 1081 1413 2.
1107 1380 1329 1420 Vesperis.

299 1441 315 1473 Ι
324 1450 346 1472 n
370 1441 399 1473 L
408 1450 427 1472 a
435 1450 457 1472 u
467 1442 508 1473 di
518 1441 538 1473 b
548 1451 569 1473 u
578 1451 603 1476 s,

1023 1480 1070 1507 Ad
1090 1480 1271 1518 Magnificat.

356 1536 554 1572 Anffiphfflffl·
830 1554 871 1586 A.
904 1555 1045 1596 Spiritus
1070 1555 1213 1589 fidelium

154 1614 185 1647 1.
211 1614 331 1645 Beatus
357 1612 546 1645 Ambrosius
952 1603 1104 1636 EXSUIOETJ
1127 1605 1163 1637 in
1188 1605 1324 1637 D0m1n0

210 1662 330 1694 Cantus
357 1664 388 1692 et
414 1659 555 1692 officium
904 1652 1044 1691 ΡΓΟΡῒθΓ
1068 1660 1217 1692 magnum
1242 1653 1390 1686 bravium

210 1710 249 1741 In
277 1708 333 1741 Dei
361 1708 526 1741 servitium
954 1698 1112 1731 collatum
1136 1700 1327 1741 AmbrosiO;

210 1756 332 1789 Statuit
356 1756 509 1790 ornatius.
903 1748 941 1780 11]
965 1747 1092 1779 mOdiCO
1117 1746 1234 1790 fidelis,

950 1795 1056 1828 Multa
1080 1795 1164 1828 bona
1188 1796 1329 1836 percipit

151 1845 183 1876 2.
210 1842 280 1875 'Deo
305 1844 406 1876 servit
429 1844 494 1875 rite
904 1843 1104 1878 Constitutus
1127 1844 1160 1875 in
1188 1844 1294 1886 caelis,

211 1890 324 1924 Cordis
351 1900 422 1924 cum
447 1891 616 1934 munditia,
950 1891 1017 1925 Ubi
1043 1891 1206 1925 Christum
1232 1892 1398 1933 conspicit,

209 1939 322 1973 Carnis
348 1941 475 1972 calcans
503 1940 583 1973 vitia
902 1941 933 1972 A
958 1949 1018 1980 quo
1043 1939 1137 1972 nobis
1163 1940 1291 1973 veniam

208 1988 322 2020 Portas
347 1989 449 2021 intrat
473 1989 569 2022 vitae.
903 1989 1061 2029 Impetret
1086 1991 1119 2019 et
1143 1987 1289 2029 gratiam.

212 2084 298 2112 Brev.
320 2092 374 2111 ms.
394 2083 574 2113 Pataviense
595 2093 671 2113 saec.
694 2083 738 2112 15.
776 2084 845 2112 Cod.
863 2083 1102 2121 Doneschingen.
1123 2081 1188 2112 315.
1207 2100 1243 2104 -—
1257 2085 1293 2112 In
1315 2082 1338 2111 1.
1354 2085 1464 2122 Veop.

134 2121 156 2150 A
178 2120 205 2158 3,
230 2121 244 2150 1
258 2123 422 2151 Doctrinae
437 2131 510 2152 suae
527 2123 703 2160 inloquium.
718 2137 755 2143 ——
772 2121 794 2149 A
816 2121 843 2159 4,
866 2120 884 2150 3
898 2123 966 2151 Hoc
978 2123 1068 2157 prior.
1084 2137 1122 2141 —
1138 2123 1181 2150 In
1204 2120 1228 2149 1.
1242 2124 1344 2151 Noct.
1363 2121 1383 2150 Β
1399 2123 1424 2157 2,
1446 2124 1466 2153 4

131 2162 231 2190 fehlen
251 2163 325 2190 zwei
348 2161 468 2195 Sflbem
490 2171 591 2190 curam
613 2162 742 2198 ergiinzt,
757 2176 781 2180 —
815 2162 856 2190 In
876 2160 902 2188 2.
918 2163 946 2191 N
954 2164 1021 2191 oct.
1042 2159 1064 2187 A
1088 2159 1111 2195 1,
1136 2160 1148 2188 1
1165 2162 1312 2189 Dominus
1330 2166 1462 2191 sanctum

133 2209 228 2229 suum.
244 2216 282 2220 —
305 2198 328 2226 A
353 2199 377 2234 1,
400 2198 418 2229 2
437 2200 611 2229 Mirificavit
630 2201 829 2229 Ambrosium.
844 2214 883 2219 α-
904 2198 927 2226 Α
957 2197 982 2232 1,
1003 2198 1021 2228 3
1044 2200 1101 2234 Qui
1121 2200 1274 2228 invictum.
1295 2218 1328 2220 -ῐ
1354 2200 1376 2227 Α
1398 2201 1424 2236 2,
1446 2201 1465 2230 4

131 2239 231 2268 fehlen
252 2240 315 2268 drei
340 2239 459 2275 Silben3
482 2240 584 2276 diligis
606 2240 735 2275 ergiinzt.
757 2252 794 2256 ’-
817 2237 838 2265 Β
864 2236 887 2272 1,
908 2237 928 2266 4
948 2238 1045 2266 fehlen
1067 2237 1129 2266 drei
1151 2238 1275 2267 Silben?
1295 2254 1333 2259 —
1356 2238 1376 2266 Β
1401 2240 1424 2275 1,
1447 2240 1464 2269 6

130 2288 184 2315 per
204 2287 302 2315 quam.
324 2292 362 2297 —
384 2276 405 2305 Β
427 2275 455 2314 3,
477 2280 493 2306 6
515 2286 648 2315 suggere.
665 2292 701 2296 —
721 2278 763 2306 In
784 2278 812 2305 3.
827 2276 879 2305 No
891 2279 931 2304 ct.
949 2275 970 2304 Β
987 2275 1011 2311 1,
1026 2275 1044 2305 3
1066 2276 1201 2305 Daemon
1215 2278 1266 2306 sed
1279 2279 1464 2316 ingrediente

130 2319 234 2346 daemo
264 2318 383 2345 invasit.
412 2331 450 2335 —
477 2315 498 2343 Β
522 2315 548 2351 1,
568 2316 588 2345 4
615 2315 782 2344 Ambrosio.
809 2330 847 2334 —
877 2313 898 2341 Β
920 2313 945 2351 3,
969 2313 987 2343 3
1012 2316 1135 2344 Videret
1154 2319 1184 2344 et
1202 2317 1405 2346 invalesceret.
1426 2334 1464 2338 —

130 2358 175 2385 In
194 2355 307 2387 Laud.
330 2355 352 2382 A
374 2354 400 2392 2,
422 2353 443 2383 4
461 2356 504 2384 Et
523 2358 633 2392 portas.

186 2407 306 2434 Blume,
322 2407 446 2431 Historias
459 2406 618 2435 rhythmicae.
646 2406 676 2429 V.
1272 2405 1292 2434 4
