1653 2567
691 108 951 143 -138—

243 209 292 240 Ne
319 206 479 240 daemonis
496 206 602 238 illusio

243 255 293 288 Sit
316 254 440 296 soporis
465 253 586 285 abusio.

299 360 329 390 A
343 360 362 391 (1
387 357 608 389 Matutinu
621 365 663 388 m.

374 432 588 459 Invitatorium.

239 490 381 531 Supplex
406 498 502 521 exora

285 538 398 579 Deum,
427 536 553 568 devotio
576 545 668 576 pura,

243 585 311 624 Qui,
339 592 430 624 quem
457 584 578 624 dilexit,

290 631 437 664 Carolum
450 640 546 671 super
558 630 791 665 aetheravexit,

301 736 346 767 In
372 735 401 768 1.
428 734 659 767 Nocturno.

380 808 576 844 Antiphonae.

184 876 215 911 1.
241 876 336 908 quta
360 878 541 907 sanctarum

287 923 372 955 rivos
396 923 556 962 plantatus
580 932 742 963 aquarum,

243 969 374 1001 Carolus
398 969 431 1001 in
456 968 565 1001 florem

290 1026 417 1049 vernum
443 1017 595 1056 produxit
619 1017 758 1051 odorem.

182 1094 214 1124 2.
240 1092 329 1123 Visio
353 1094 531 1124 monstrata

287 1140 355 1180 regi
382 1139 422 1169 de
446 1147 521 1179 rege
544 1140 638 1172 beata

240 1185 400 1218 Consonat
426 1187 575 1218 emeritae

287 1233 413 1266 Christo
447 1233 515 1264 sine
540 1235 671 1267 crimine
695 1235 789 1269 vitae.

179 1310 210 1341 3.
237 1308 296 1347 Qm·
322 1307 526 1340 Constantino

285 1356 413 1387 veniens
440 1354 551 1386 habitu
574 1356 742 1395 peregrino

238 1401 396 1435 Reddidit
418 1404 586 1441 utrumque

285 1450 426 1490 regimen
450 1449 616 1489 gentisque
627 1459 788 1491 suumque.

370 1532 577 1568 Responsoria.

180 1589 210 1623 1.
236 1589 433 1622 Francorum
458 1599 590 1632 gemma,
618 1592 759 1634 Carolus,

236 1637 323 1669 Puer
348 1645 460 1678 gerens
486 1647 541 1670 cor
564 1640 674 1680 senile,

241 1683 341 1716 Sortis
366 1684 522 1717 humanae
545 1687 661 1718 sciolus

239 1730 346 1763 Gessit
369 1732 447 1763 nihil
472 1734 604 1773 puerile,

239 1778 394 1811 Mundum
420 1780 550 1823 spernit,
579 1790 654 1821 opes
681 1783 766 1814 cavit

240 1824 381 1866 Sequens
400 1824 569 1867 Christum,
596 1837 687 1868 quem
706 1839 791 1862 ama-

167 1918 206 1952 V.
235 1919 373 1952 Divinae
396 1920 475 1960 legis
625 1880 679 1909 vm

286 1969 480 2007 amplectens
505 1969 658 2002 iustitiam

239 2013 361 2046 Litavit
383 2014 451 2047 Deo

285 2071 320 2093 se
345 2062 523 2102 placentem
549 2064 695 2097 hostiam.

178 2137 210 2169 2.
237 2136 319 2169 Tota
343 2141 495 2177 poscente
520 2138 658 2172 Francia

235 2183 281 2215 Et
304 2184 520 2225 applaudente
545 2188 633 2219 curia

237 2230 370 2271 Sceptro
395 2234 484 2273 regni
512 2234 679 2267 decoratur

236 2278 281 2310 Et
303 2288 382 2319 prae
407 2281 528 2313 cunctis
555 2284 723 2326 exaltatur,

235 2327 331 2366 Quem
357 2327 444 2360 Deus
469 2330 557 2370 regia

234 2373 393 2415 Dignatur
416 2377 535 2421 gloria3

852 205 890 237 V.

922 205 1077 236 Vitiorum
1100 203 1316 243 triumphator

970 252 1009 284 In
1033 261 1133 293 agone

925 298 1134 331 Consecratur
1158 300 1333 339 imperator

973 348 1003 379 A
1027 347 1145 380 Leone.

920 402 1099 435 Saecularis
1124 403 1287 443 potentiae

969 450 1086 483 Caesar
1108 450 1210 483 fretus
1235 450 1353 490 gladio,

920 497 973 529 Sic
995 498 1075 538 legis
1099 498 1241 530 iustitiae

970 546 1118 578 Cucur1it
1141 546 1175 578 in
1201 545 1316 587 stadio,

919 592 966 625 Ut
989 593 1100 624 salutis
1126 596 1158 625 et
1181 593 1302 634 gloriae

967 640 1130 673 Potiretur
1153 640 1281 680 bravio3

919 688 1098 727 Agonizans
1121 687 1259 720 viriliter

921 734 1042 767 Cuncta
1065 735 1164 775 gessit
1186 733 1337 766 fideliter.

984 831 1029 861 In
1056 831 1087 862 2.
1114 829 1339 862 Nocturno.

1061 904 1256 941 Antiphonae.

885 988 891 995 .
919 962 1069 1001 Martyrii
1093 962 1216 1002 signum

966 1012 1138 1042 renovatur
1161 1010 1194 1040 in
1217 1008 1331 1040 arbore
1355 1009 1476 1049 lignum

919 1056 1039 1089 Usibus
1064 1059 1208 1096 aptatum

967 1103 1044 1135 belli
1069 1102 1220 1144 ferroque
1246 1102 1394 1136 dicatum.

919 1161 1018 1200 Quam
1043 1160 1143 1192 bonus
1170 1162 1201 1192 et
1225 1158 1331 1200 fortis,

968 1217 1060 1247 quam
1108 1209 1236 1239 sanctus
1283 1206 1315 1238 in
1362 1216 1478 1248 aggere

1266 1255 1378 1286 mortis

916 1301 980 1333 Hic
1000 1300 1070 1345 fuit,
1096 1301 1257 1333 hastatum

965 1357 1076 1381 nemus
1093 1349 1216 1381 indicat
1231 1348 1308 1380 inde
1321 1352 1471 1382 creatum.

919 1405 1002 1444 Quos
1030 1405 1172 1437 Christus
1195 1405 1293 1437 donat

966 1454 1088 1492 merito,
1115 1461 1194 1494 quos
1212 1461 1316 1492 poena
1334 1456 1475 1492 coronat,

917 1499 1035 1540 Effigie
1060 1501 1197 1540 pulchra

963 1547 1134 1587 perhibent
1161 1549 1292 1580 inventa
1316 1548 1474 1587 sepulcra.

1055 1614 1263 1649 Responsoria.

887 1688 893 1695 .
920 1662 1009 1693 Fusa
1033 1671 1129 1701 prece
1153 1662 1267 1693 mentis
1293 1662 1396 1694 bonae

918 1709 1007 1740 Muri
1032 1713 1131 1741 ruunt
1154 1710 1373 1750 Pampilonae‚

925 1755 1039 1795 Spreto
1066 1758 1155 1789 cultu
1179 1755 1303 1789 infelici

921 1803 1042 1843 Victor,
1068 1805 1146 1836 victi
1170 1810 1245 1836 sunt
1269 1805 1379 1845 amiei3

916 1849 1025 1883 Leone
1049 1850 1175 1890 fortior,

921 1896 984 1929 Sed
1010 1907 1090 1938 agno
1115 1899 1233 1941 mitior⁷

920 1944 1038 1976 Hostes
1065 1945 1193 1978 Christo

920 1992 1100 2032 Regenerat
1116 1993 1287 2035 baptismo.

881 2072 890 2081 .
915 2048 965 2081 De
987 2051 1152 2088 petrarum
1178 2050 1296 2083 duritie

965 2095 1126 2138 Siccisque
1151 2098 1315 2131 elementis

918 2143 1082 2184 Aquarum
1108 2145 1228 2178 fluenta
1250 2146 1330 2179 viris

967 2191 1125 2225 Produxit
1149 2197 1181 2226 et
1204 2194 1353 2228 iumentis

917 2239 1097 2278 Imperator

963 2286 1152 2322 Mitissimus

917 2333 962 2367 Et
986 2333 1062 2367 fidei
1086 2339 1306 2378 propugnator

968 2381 1202 2418 SanctissimuS.
