1653 2567
168 2198 205 2232 V.

180 2316 212 2347 2.

695 107 952 144 —195-

233 204 287 238 Ad
313 203 455 235 tribunal
480 204 572 236 iussit
597 207 693 245 staro,

232 253 320 285 Deos
346 250 444 284 falsos
471 252 619 295 adorare,

233 300 297 333 Sed
323 299 444 331 invicta
468 303 579 339 portas
605 302 716 333 mortis

234 347 365 381 Transit
390 347 536 387 agonista
561 346 665 389 fortis,

234 395 387 429 Sensibus
414 399 446 426 et
471 404 551 427 cana

284 443 435 475 deridens
460 443 550 475 idola
572 452 664 477 vana.

239 512 318 544 Post
344 510 447 542 dirum
473 510 660 549 martyrium

283 558 427 598 Reginae
452 558 592 589 athletae

236 608 334 640 Pater
359 606 392 637 in
419 606 550 637 exitium

280 653 385 686 Datur
409 653 561 694 inquiete,

233 703 329 735 Alter
352 702 557 734 substituitur

283 750 382 782 Velut
404 750 456 781 leo
478 748 577 791 ferus,

238 798 358 831 Volens
383 797 473 829 illam
498 796 637 839 perdere

285 845 403 877 Tortor
427 848 464 876 ut
488 852 628 888 severus,

196 920 203 927 .
235 893 299 926 Sed
325 896 435 924 manet
458 893 580 925 invicta

289 940 409 973 Christi
432 940 524 972 testis
550 938 731 972 benedicta.

295 1075 342 1107 In
378 1076 409 1107 3.
436 1073 495 1106 No
510 1076 669 1105 cturno.

380 1148 577 1185 Antiphonae.

203 1235 210 1242 .
238 1208 437 1242 Annuntiate
465 1209 497 1238 et
521 1205 651 1246 psallite

234 1257 285 1290 De
311 1256 429 1287 dilecta
453 1253 529 1293 filia,

235 1306 334 1345 Quam
362 1302 477 1335 dilexit
500 1300 657 1333 Dominus

236 1353 280 1385 Et
304 1351 410 1392 pascit
434 1350 519 1381 inter
544 1347 623 1381 lilia.

237 1419 308 1451 Lux
334 1420 405 1449 orta
431 1419 479 1448 est
504 1415 627 1457 gratiae

238 1468 277 1500 In
302 1465 398 1497 beata
422 1467 574 1505 martyre,

239 1515 327 1554 Quae
352 1512 431 1545 vivit
454 1511 518 1544 iam
544 1519 614 1542 cum
640 1510 742 1550 gloria

238 1561 340 1603 Igitur
363 1568 449 1593 nunc
473 1559 509 1591 in
534 1558 675 1592 aethere.

210 1655 215 1661 .
244 1627 382 1661 Iubilate
407 1626 475 1658 Deo
500 1635 571 1658 cum
596 1624 699 1665 gloria

239 1677 277 1709 In
302 1678 433 1707 sanctae
457 1673 609 1714 martyris
635 1672 778 1711 victoria,

241 1725 329 1764 Quae
354 1723 430 1755 vicit
455 1723 489 1754 in
515 1720 679 1761 martyrio,

239 1773 365 1812 Regnat
391 1780 461 1803 cum
487 1770 549 1803 Dei
571 1767 647 1801 filio.

380 1845 591 1883 Responsoria.

206 1934 212 1941 .
241 1909 409 1942 Iusserunt
433 1905 563 1938 tandem
589 1903 716 1946 tyranni

239 1954 330 1996 Quod
358 1954 462 1995 capite
489 1954 604 1986 abraso

240 2005 303 2037 Per
330 2003 426 2035 devia
452 2003 633 2043 duceretur,

236 2054 303 2094 Quo
330 2051 372 2083 ad
397 2051 486 2083 idola
510 2049 718 2090 pertingeret,

238 2100 389 2134 Protinus
414 2099 536 2130 idolum
559 2097 592 2129 in
617 2101 736 2129 terram

238 2150 283 2182 Et
306 2148 340 2179 in
365 2147 531 2188 pulverem
556 2145 691 2189 redegit,

236 2197 323 2230 Hinc
347 2195 484 2237 populus
510 2193 650 2234 tremuit,

288 2244 374 2285 quod
400 2243 447 2276 sic
471 2242 590 2283 Apono
616 2243 691 2275 ruit.

241 2311 408 2352 Improbus
433 2311 517 2343 alter
541 2308 685 2344 Iulianus

238 2362 347 2402 Ignem
373 2358 491 2392 fortem
516 2357 725 2400 praeparavit

241 2409 286 2442 Et
309 2407 341 2440 in
368 2407 457 2440 illam
481 2407 609 2440 beatam
633 2406 763 2447 locavit,

928 207 976 240 Ut
1000 206 1092 238 citius
1118 209 1408 248 consummaretur,

927 255 1070 295 Angelus
1095 253 1224 286 Domini
1249 254 1351 285 astitit

926 302 971 334 Et
994 300 1152 333 flammam
1180 301 1339 341 discussit,

888 374 895 381 .
926 350 979 382 Sic
1005 349 1183 381 confortata

975 400 1098 438 martyr
1114 405 1210 436 super
1227 397 1339 428 aethra
1355 399 1480 430 vocata.

895 491 901 496 .
927 464 1034 496 Ferox
1060 468 1215 504 tyrannus

928 511 1024 543 Iussit
1050 511 1194 543 abscindi
1220 511 1365 550 protinus

928 559 1090 591 Mamillas
1117 557 1236 590 Christi
1260 558 1421 599 martyris,

927 606 1014 645 Quae
1040 606 1160 638 dabant
1184 606 1236 637 lac

973 663 1032 694 pro
1058 652 1144 686 fluxu
1169 653 1341 693 sanguinis,

927 701 1147 734 Circumvecta
1171 701 1218 732 sic
1243 704 1274 732 et
1299 703 1485 739 consumpta

926 749 1071 790 Migrans
1096 748 1138 781 ad
1163 749 1242 780 caeli
1269 748 1437 789 consortia,

928 797 991 830 Ubi
1016 799 1124 829 manet
1147 799 1321 836 perpetua3

887 870 893 877 .
927 845 964 877 In
990 844 1202 876 testimonium

974 891 1036 924 fuit
1060 893 1120 924 hoc
1144 891 1291 923 mirabile
1315 891 1449 931 signum.

1016 1035 1032 1067 Ι
1042 1044 1063 1066 n
1089 1033 1116 1067 L
1126 1043 1174 1065 au
1185 1033 1255 1066 dib
1265 1043 1286 1065 u
1296 1043 1321 1066 s.

1069 1108 1266 1143 Antiphonae.

892 1193 899 1201 .
924 1167 1043 1199 Induta
1067 1166 1150 1198 stola
1176 1164 1301 1206 fulgida

925 1214 1086 1246 Christina
1111 1214 1338 1252 sacratissima,

924 1262 1031 1293 Triste
1055 1260 1239 1300 relinquens
1265 1262 1438 1299 saeculum,

926 1309 1071 1350 Migrans
1103 1308 1144 1340 ad
1169 1312 1294 1348 patrem
1319 1308 1483 1340 luminum.

894 1402 900 1408 .
927 1376 1066 1408 Iubilate
1090 1374 1159 1408 Deo
1185 1375 1267 1407 caeli

927 1425 964 1457 In
988 1424 1085 1456 laude
1109 1422 1171 1454 iam
1197 1421 1297 1465 fideli,

927 1471 985 1511 Qui
1013 1471 1139 1503 beatam
1161 1479 1249 1502 suam
1276 1469 1429 1502 famulam

931 1519 985 1551 Ad
1008 1522 1170 1551 aeternam
1198 1518 1289 1550 duxit
1313 1518 1462 1558 patriam.

898 1611 904 1617 .
932 1586 1023 1618 Haec
1047 1588 1096 1617 est
1120 1584 1209 1625 virgo
1236 1593 1348 1616 carens
1375 1584 1470 1624 carie,

932 1635 1019 1674 Quae
1044 1633 1191 1674 vigilavit
1216 1632 1382 1673 catholice,

932 1682 1036 1714 Deum
1060 1682 1175 1713 timens
1201 1683 1307 1712 mente
1332 1683 1408 1722 tota,

932 1730 1020 1763 Dans
1045 1730 1113 1762 Deo
1141 1729 1272 1760 caelesti
1296 1732 1380 1761 vota.

896 1822 903 1830 .
930 1796 1092 1837 Hymnum
1119 1796 1322 1828 decantemus
1347 1795 1417 1828 Deo

978 1846 1012 1877 in
1036 1844 1191 1884 martyris
1216 1844 1364 1884 victoria,

932 1894 1019 1933 Quae
1041 1894 1104 1926 iam
1129 1895 1245 1932 pausat
1270 1897 1303 1925 et
1327 1891 1446 1933 gaudet

979 1943 1012 1974 in
1036 1941 1166 1974 caelesti
1191 1941 1303 1981 gloria.

898 2035 904 2042 .
931 2008 1043 2041 Laude
1068 2008 1138 2040 Deo
1161 2008 1258 2048 plena

979 2057 1112 2089 iubilate
1138 2064 1216 2087 voce
1241 2064 1363 2098 serena,

931 2105 993 2144 Qui
1018 2105 1109 2137 dedit
1132 2106 1281 2136 aeternae

982 2152 1163 2186 Christinae
1188 2151 1306 2192 gaudia
1332 2151 1428 2184 vitae.

1045 2248 1092 2275 Ad
1117 2247 1304 2275 Benedictus.

893 2334 900 2341 .
932 2307 1125 2340 Benedictus
1150 2305 1307 2338 Dominus

930 2356 968 2388 In
994 2355 1058 2388 suis
1084 2354 1295 2397 mirabilibuS,

930 2404 990 2444 Qui
1015 2403 1143 2436 beatam
1167 2402 1202 2434 in
1228 2404 1359 2436 caelesti

1262 2457 1321 2488 13*
