1653 2567
664 92 900 128 „79—

124 190 161 223 V.
193 189 296 222 Iudex
322 189 409 222 ferus
437 190 511 221 dum
536 190 656 222 redibit

242 236 318 270 Cum
346 236 424 268 caeli
451 237 664 278 senatoribuS,

195 285 239 317 Et
261 284 315 317 hic
339 284 437 317 Iudas
461 284 610 317 interibit

242 333 320 366 Cum
344 333 411 364 suis
436 331 627 367 fautoribus.

193 448 340 487 Hortum,
365 455 457 487 quem
483 446 545 478 Dei
569 446 688 487 rigavit

241 495 386 528 Christus
412 494 581 535 sapientia,

192 543 290 575 Pater
317 542 408 574 dedit
431 543 676 584 incrementum,

192 590 316 622 Pavent
339 595 437 630 terra,
465 588 709 629 firmamentum,

239 637 284 670 Et
311 637 468 670 caelorum
496 638 591 671 entia.

119 686 158 718 V.
190 686 322 719 Florum
347 686 459 718 hortus
484 685 673 726 germinavit

236 733 354 766 Rosam
380 742 441 765 nec
464 743 528 766 non
553 733 666 774 lilium,

189 781 277 814 Rosa
301 790 424 821 quoque
449 781 614 822 generavit

236 828 397 862 Christum
421 829 483 862 Dei
508 829 619 863 filium.

130 898 164 929 4.
192 895 310 935 Stirpis
335 896 513 929 Davidicae

237 943 286 976 Tu
312 944 512 976 nobilissima

285 993 408 1032 Proles,

190 1039 271 1071 Tres
297 1040 416 1072 mundo
441 1049 575 1080 generas

287 1087 388 1129 Soles,

240 1134 265 1168 O
291 1134 521 1167 fecundissima

190 1182 307 1226 Mater7
334 1185 368 1214 te
390 1185 483 1222 pater

187 1230 347 1262 Aeternus
372 1230 536 1269 omnisque

237 1277 324 1310 Caeli
350 1281 520 1310 concentus

282 1326 438 1359 Honorat.

120 1372 155 1405 V.
187 1372 434 1414 Terrigenarum

235 1421 282 1453 Te
308 1424 481 1453 conventus

187 1470 227 1502 In
252 1469 338 1501 valle
357 1469 564 1501 lacrimarum

234 1517 391 1549 Detentus

282 1565 451 1605 Implorat.

243 1699 292 1731 In
320 1699 354 1731 2.
379 1697 612 1732 Nocturna

327 1774 525 1810 Antiphonae.

127 1832 157 1865 1.
183 1832 396 1873 Benedixisti,
423 1831 570 1872 Domine,

233 1882 367 1915 Terram
394 1881 477 1913 banc
502 1880 715 1920 benedictam,

183 1929 281 1969 Quam
310 1931 351 1963 de
374 1931 455 1970 legis
480 1930 655 1970 opprobrio

228 1978 355 2011 Eximis
380 1977 597 2011 maledictam.

123 2047 154 2078 2.
181 2045 332 2078 Fundata
358 2048 407 2078 est
430 2047 463 2078 in
489 2046 650 2079 montibus

228 2093 319 2126 Haec
343 2096 446 2126 mater
470 2102 634 2136 generosa,

180 2141 231 2174 De
253 2143 328 2175 Iesu
351 2141 467 2174 bibens
492 2140 635 2175 fontibus

226 2191 348 2223 Haurit
371 2195 438 2224 tam
462 2191 612 2231 gratiosa.

125 2259 157 2293 3.
183 2257 404 2291 Exsultabunt
429 2258 488 2291 Dei
509 2257 576 2291 filio

227 2305 326 2338 Simul
353 2310 469 2342 cuncta
493 2309 612 2351 creata,

182 2355 260 2388 Cum
289 2355 329 2387 de
353 2355 467 2390 mundi
491 2355 604 2388 exsilio

226 2402 359 2436 Transit
383 2404 462 2438 haec
489 2404 595 2439 beata.

195 399 327 439 Spirans
350 399 469 431 Auster
494 399 579 431 hunc
602 398 753 438 perflavit

823 192 856 223 4.

820 438 852 469 5.

802 1865 841 1898 V.

813 2021 845 2053 3.

881 189 1033 222 Exsultat
1056 191 1143 220 terra

881 238 926 270 Et
950 236 1073 268 insulae
1094 236 1265 272 laetentur,

881 285 958 318 Cum
985 284 1066 316 haec
1088 283 1213 316 levatur
1241 283 1281 314 de
1306 282 1441 322 pulvere

881 332 933 364 Ad
961 332 1086 363 culmen
1109 330 1242 371 gloriae,

878 379 964 411 Hinc
996 378 1100 420 angeli
1128 378 1189 411 Dei
1212 377 1437 410 jucundentur.

878 436 965 467 Deus
990 436 1024 468 in
1050 444 1085 467 se
1109 434 1277 474 mirabilis,

879 482 1017 524 Magnus
1043 487 1075 515 et
1094 482 1274 522 ineffabilis,

927 531 964 563 In
990 531 1143 564 Abrahae
1167 531 1228 563 hac
1252 529 1320 563 filia

928 578 1071 612 Perfecit
1095 579 1264 611 mirabilia.

879 636 975 668 Felix
999 637 1080 669 haec
1104 639 1208 668 mater

928 684 1059 717 Domini
1083 687 1259 725 praecepta

881 732 1091 765 Custodiebat
1114 735 1148 764 et
1176 731 1333 772 diligebat

880 781 1058 820 Propterea
1082 780 1169 820 apud
1194 788 1266 811 eum

926 828 1068 861 Gloriam
1094 832 1143 860 est
1167 827 1296 868 adepta.

1008 924 1217 960 Responsoria.

844 1018 851 1025 .
878 993 982 1031 Anna,
1010 992 1115 1032 gratia
1140 992 1264 1024 vocaris

877 1040 962 1080 Iure,
989 1039 1063 1079 quia
1087 1039 1183 1071 talem
1209 1039 1304 1078 paris.

923 1088 1009 1127 Quae
1034 1087 1132 1119 solem
1156 1087 1298 1119 iustitiae

877 1135 928 1167 De
951 1144 986 1167 se
1012 1137 1098 1167 caste
1122 1135 1297 1177 generavit,

925 1184 1011 1215 Vere
1035 1183 1163 1224 plenum
1188 1182 1322 1224 gratiae,

876 1231 936 1271 Qui
959 1239 1017 1263 nos
1041 1231 1216 1270 reparavit.

873 1279 985 1318 Beata,
1013 1279 1087 1319 quia
1111 1279 1286 1318 gratiarum

923 1326 974 1359 Ex
1000 1329 1033 1358 te
1058 1325 1129 1359 fons
1156 1329 1291 1368 emanat,

877 1375 940 1406 Hic
964 1378 1078 1415 puteus
1104 1383 1266 1414 aquarum,

924 1421 1056 1455 Saucios
1082 1423 1136 1463 qui
1157 1426 1261 1455 sanat.

875 1481 972 1513 Anna
999 1480 1117 1512 dicitur
1143 1481 1270 1520 donata,

926 1527 984 1560 Cui
1011 1530 1043 1559 et
1068 1527 1199 1560 donavit

879 1575 968 1608 Deus
996 1575 1080 1608 dona
1104 1578 1206 1619 grata,

925 1622 1004 1657 Cum
1029 1633 1100 1655 eam
1124 1624 1249 1656 dotavit

876 1673 961 1704 Vere
987 1672 1062 1705 doto
1087 1672 1181 1712 bona,

874 1719 920 1752 Ut
944 1720 997 1752 hic
1023 1729 1092 1752 eam
1117 1720 1222 1760 gratia

874 1768 918 1801 Et
941 1768 975 1800 in
1001 1767 1108 1801 futuro
1132 1771 1281 1808 protegat

875 1815 1005 1850 Gloriae
1031 1825 1156 1848 corona.

870 1865 962 1898 Haec
995 1868 1043 1897 est
1071 1869 1174 1897 mater
1199 1866 1330 1898 sanctae
1354 1866 1434 1905 spei,

873 1916 961 1952 Quae
985 1922 1045 1954 pro
1070 1913 1191 1945 virtute
1213 1911 1291 1946 fidei

874 1962 1010 2002 Accepit
1032 1961 1117 1993 bona
1143 1962 1182 1994 de
1207 1970 1304 1993 manu
1329 1960 1400 1995 Dei.

873 2021 976 2059 Anna,
1002 2022 1038 2050 tu
1063 2019 1131 2051 veri
1157 2018 1313 2052 Samuelis

875 2068 991 2101 Castra
1015 2076 1129 2108 regens
1154 2067 1286 2100 Israelis

875 2115 919 2148 Et
945 2115 1121 2148 excludens
1147 2115 1294 2148 Ismaelis

922 2164 1081 2197 Fallentis
1106 2163 1251 2205 astutias,

872 2211 996 2245 Fundis
1021 2219 1135 2251 preces
1162 2211 1249 2251 apud
1275 2211 1375 2244 Deum

873 2259 918 2292 Et
944 2260 1084 2292 extricas
1109 2259 1307 2292 Asmodeum

920 2308 967 2340 Et
994 2307 1063 2340 eius
1088 2308 1259 2341 versutias.

872 2356 923 2389 Tu
947 2356 1067 2389 Tobiae
1094 2356 1156 2399 pie,
1183 2357 1238 2397 pia.

869 2406 952 2446 Ava,
981 2408 1109 2445 praesto
1134 2406 1178 2439 sis
1203 2406 1236 2438 in
1262 2407 1324 2448 via,
