1653 2567
725 130 985 166 —213—

265 220 371 253 Pestis
395 223 601 262 pestilentiae

313 278 376 301 non
399 270 647 308 incathedravit.

208 346 239 376 2.
265 345 371 385 Quare
397 345 538 379 fremunt

312 394 420 426 hostes
445 395 478 426 in
504 396 634 438 ostium,

263 441 293 473 A
320 451 381 482 quo
406 443 550 482 pendent

311 491 361 521 tot
384 499 474 522 arma
499 489 643 532 fortium,

264 537 355 576 Quod
380 547 445 570 non
471 539 561 570 timet

312 585 469 625 impulsus
494 586 644 621 hostium.

207 661 239 693 3.
265 661 396 694 Exaudi
419 671 488 702 nos,
514 663 662 703 Domine,

313 712 479 749 protector
504 719 622 751 eorum,

264 757 326 797 Qui
351 760 383 788 te
409 758 526 798 colunt,
553 758 752 799 praedicant,

315 813 370 836 cor
395 808 427 836 et
453 814 568 846 corpus
594 815 724 846 quorum

265 851 464 884 Confitentur
490 862 588 893 opere

309 903 342 931 te
366 900 469 932 Deum
497 902 639 935 deorum.

400 1006 609 1042 Responsoria.

203 1073 234 1105 1.
261 1073 387 1105 Primus
411 1074 511 1114 iaspis
535 1075 677 1115 lapidum

302 1121 338 1152 in
363 1121 492 1154 Claudii
516 1120 641 1155 fabrica

260 1167 419 1201 Fabricae
444 1168 643 1214 subponitur,

306 1219 343 1248 ut
367 1215 448 1249 fides
475 1217 633 1250 catholica

259 1264 322 1296 Per
346 1267 550 1304 augmentum
578 1265 686 1305 operis

306 1320 406 1351 regna
430 1314 542 1351 tangat
567 1314 704 1356 caelica3

187 1358 224 1390 V.
256 1358 454 1399 Designatur

300 1406 381 1438 fides
405 1407 440 1438 in
464 1407 603 1451 iaspide,

257 1454 352 1487 Prior
381 1455 467 1487 omni

305 1502 470 1542 ponendus
495 1503 615 1542 lapide.

198 1580 230 1611 2.
257 1578 424 1611 Secundus
447 1579 483 1610 in
507 1578 634 1611 fabrica

304 1627 464 1668 saphyrus
488 1627 631 1671 erigitur,

256 1675 381 1708 Goloris
407 1675 504 1716 aerei,

304 1731 364 1764 per
389 1732 481 1763 quem
508 1731 582 1763 spes
607 1723 761 1767 innuitur,

255 1771 320 1804 Per
345 1780 439 1810 quam
466 1780 485 1803 a
510 1771 673 1812 terrigeno

302 1819 424 1850 caelum
450 1819 651 1863 adipiscitur,

182 1867 221 1901 V.
255 1867 384 1900 Claudii
408 1876 483 1909 spes
510 1868 655 1901 elevatur

252 1915 306 1948 Ad
332 1915 527 1956 habendum,
553 1916 638 1957 quod
655 1918 814 1955 speratur.

195 1994 226 2026 53.
254 1993 342 2033 Opus
366 1993 471 2025 sancti
497 1992 690 2025 fabricatum

302 2045 501 2074 consummat
527 2040 750 2081 carbunculus,

254 2089 315 2129 Qui
341 2092 390 2121 est
414 2089 517 2121 virtus
544 2087 699 2128 caritatis,

302 2146 366 2178 qua
391 2138 439 2169 sic
465 2137 587 2170 Christi
611 2136 751 2171 famulus

249 2186 380 2218 Ardens
397 2186 493 2227 lucet,
515 2186 600 2226 quod
615 2186 698 2217 hanc
710 2185 814 2217 lucem

299 2234 402 2266 omnis
428 2237 536 2275 stupet
562 2234 692 2275 oculus;

179 2283 217 2318 V.
248 2283 286 2316 In
313 2282 431 2315 ardore
457 2283 602 2315 caritatis

298 2331 347 2364 Ut
368 2331 464 2363 iubar
488 2331 673 2363 aethereum

249 2379 337 2412 Pluit
365 2380 496 2412 verbum
521 2379 668 2412 veritatis

299 2428 423 2467 Populo
446 2436 503 2462 vas
529 2435 671 2460 aureum.

1022 230 1068 262 In
1096 230 1127 262 2.
1154 228 1384 262 Nocturn0.

1102 294 1300 330 Antiphouae.

900 342 930 375 1.
958 342 1035 375 Cum
1060 344 1200 383 invocat,
1227 343 1398 375 exauditur

1003 390 1155 423 Claudius
1182 400 1201 422 a
1225 390 1372 431 Domino,

958 439 1054 471 Cuius
1080 446 1175 471 voces
1203 438 1357 470 exaudire

1004 496 1067 519 non
1095 485 1202 518 differt
1225 487 1260 518 in
1286 486 1435 526 crastino,

956 532 1015 571 Qui
1040 532 1130 565 fideli
1155 533 1225 565 Deo
1249 532 1346 566 fidem

1002 584 1110 613 servat
1136 581 1206 612 sine
1228 582 1376 614 termino.

898 637 928 668 2.
954 637 1064 669 Verba
1088 638 1340 677 supplicantium

1004 685 1135 717 auribus
1160 686 1332 726 percipias,

955 732 1015 772 Qui
1039 733 1165 773 linguas
1190 732 1362 765 infantium

1004 780 1047 812 ad
1072 780 1268 812 laudandum
1295 782 1417 822 expias,

956 827 1021 860 Ora
1045 831 1078 859 te
1102 827 1302 860 laudantium

1001 875 1043 907 ad
1068 875 1181 907 laudes
1206 876 1343 916 aperias,

894 932 924 965 3.
951 931 1090 963 Domine
1114 940 1183 972 rex,

999 989 1093 1019 quam
1117 980 1328 1021 admirabilis,

953 1027 1075 1059 Cuncta
1099 1036 1208 1059 moves

999 1083 1130 1106 manens
1153 1074 1336 1116 immobilis,

952 1121 989 1152 ln
1013 1131 1073 1153 nos
1097 1121 1211 1154 labens

996 1169 1031 1200 in
1056 1172 1089 1201 te
1112 1178 1176 1201 non
1202 1170 1320 1202 labilis.

1087 1245 1299 1280 Responsoria.

893 1300 922 1332 1.
952 1301 989 1333 In
1015 1301 1119 1333 tribus
1146 1301 1311 1334 catholicis

997 1349 1099 1381 virtus
1126 1349 1311 1390 circulatur,

949 1395 1105 1435 Quattuor
1129 1397 1270 1436 politicis

996 1445 1133 1476 circulus
1159 1445 1348 1488 quadratur,

947 1491 991 1524 Ut
1016 1502 1036 1524 a
1061 1493 1244 1534 septenario

993 1548 1154 1580 nunquam
1180 1544 1356 1581 moveatur,

876 1586 915 1618 V.
946 1586 1001 1619 Sic
1025 1592 1148 1627 septem
1173 1587 1348 1620 virtutibus

997 1635 1150 1668 Claudius
1177 1638 1320 1677 ornatur,

948 1682 1002 1715 Sic
1028 1685 1159 1716 ornatus
1184 1684 1302 1722 spiritu

994 1735 1126 1771 septeno
1152 1730 1308 1763 firmatur.

889 1789 920 1821 2.
946 1788 1067 1820 Latere
1090 1797 1154 1820 non
1181 1791 1311 1830 poterat

996 1836 1158 1869 Virtutum
1182 1837 1326 1878 lucerna,

944 1884 1031 1923 Quae
1053 1893 1207 1917 succensa
1232 1885 1338 1918 fuerat

990 1934 1021 1965 A
1045 1934 1117 1965 luce
1142 1942 1291 1977 superna,

947 1981 1072 2014 Clamat
1095 1985 1203 2023 gestus
1229 1982 1377 2027 hominis,

944 2030 1036 2069 Quod
1061 2030 1120 2062 sub
1146 2029 1200 2061 ala
1223 2031 1363 2062 numinis

994 2077 1134 2110 Lateant
1157 2077 1303 2117 interna3

873 2125 912 2158 V.
944 2126 997 2158 Ne
1023 2135 1093 2158 cum
1119 2125 1204 2157 Dina
1232 2131 1479 2166 corrumpantur

993 2173 1203 2206 Sichimorum
1230 2174 1366 2217 macula,

947 2222 1065 2255 Sensus
1091 2229 1200 2254 omnes
1228 2221 1426 2262 castigantur

994 2269 1195 2311 Disciplinae
1220 2267 1335 2301 ferula.

886 2328 917 2361 3.
947 2328 1008 2361 Cor
1034 2326 1162 2360 Claudii
1186 2330 1395 2368 purpuratur,

947 2375 1028 2407 Dum
1055 2375 1177 2407 cruoris
1202 2379 1398 2409 memoratur

993 2423 1114 2457 Christi
1138 2424 1315 2465 morientis,
