1653 2567
682 168 940 204 —159—

149 260 169 288 R
194 261 218 298 1,
240 260 255 290 1
276 263 348 291 Cum
369 270 442 300 puer
462 262 519 290 BG.
599 261 619 289 Β
643 261 666 298 1,
687 263 705 291 2
725 264 892 301 Pati-doque
911 266 1008 291 mente
1028 264 1062 292 A.
1081 278 1117 282 —
1139 261 1159 288 Β
1183 262 1207 297 1,
1229 260 1246 290 3
1266 261 1398 290 Verbum
1411 262 1469 289 Dei

148 301 289 330 audiebat
307 301 349 335 A3
373 301 458 335 Quod
472 302 593 330 verbum
608 302 695 330 BOD.
710 316 746 321 -—
766 300 786 328 Β
803 301 828 336 1,
842 301 862 330 4
875 302 954 330 Eece
968 302 1004 330 de
1017 311 1049 330 se
1062 300 1094 328 fit
1110 304 1193 329 vates
1206 299 1235 328 C.
1257 315 1294 319 —
1316 298 1335 326 Β
1355 298 1369 327 1
1391 299 1467 327 steht

149 348 187 367 an
203 340 321 367 zweiter
338 338 432 368 Stelle
446 338 476 366 0.
497 353 535 358 —
558 337 578 364 Β
600 337 626 371 3,
650 338 665 367 1
687 340 786 368 dolore
799 341 834 368 A.
849 356 887 359 —
906 338 926 366 Β
942 338 968 371 3,
984 338 1001 367 2
1022 343 1051 368 et
1065 348 1114 367 eos
1128 341 1244 374 penitus
1258 338 1294 366 A.
1315 354 1350 358 --
1373 336 1393 364 Β
1409 335 1435 371 3,
1451 336 1468 365 5

150 376 350 406 Subarrhatas
367 377 435 406 illas
451 377 537 408 ABG.
558 391 595 396 —
617 375 637 403 Β
658 375 685 412 3,
706 378 724 406 8
745 377 907 415 Ornatique
921 378 956 411 A,
978 378 1072 405 Ornat
1086 379 1136 413 qui
1150 379 1182 405 B.
1203 391 1241 396 --
1259 376 1304 404 In
1323 374 1349 404 3.
1366 376 1467 405 Noet.

151 415 170 441 Α
203 414 228 449 2,
251 413 269 442 2
289 415 406 444 Humili
432 415 467 443 A.
489 431 526 435 —
548 415 567 442 Α
595 413 622 449 2,
642 414 662 443 4
681 416 748 444 Hoc
767 417 842 444 fehlt
859 418 903 450 A;
930 416 997 444 Hoc
1016 418 1109 444 totum
1129 417 1161 443 B.
1182 430 1219 434 —
1241 412 1260 440 Β
1282 412 1308 450 2,
1332 413 1346 441 1
1368 416 1465 450 spreto

151 453 188 480 A.
206 468 242 473 -—-
265 453 283 479 R
305 452 331 488 2,
352 453 372 482 4
385 454 435 482 Fit
453 454 599 482 ferventer
618 454 831 482 inflammatum
847 455 881 483 A.
896 469 932 473 —
952 452 972 480 Β
994 452 1020 487 27
1042 453 1058 482 6
1073 454 1157 481 Tunc
1177 454 1213 482 ab
1236 453 1372 481 omnibus
1387 452 1467 480 A.—

152 490 173 517 Β
195 490 223 525 2,
244 490 262 519 9
282 492 359 529 folgt
375 492 454 520 noch
475 494 531 527 Qui
555 492 660 519 dilexit
679 501 823 520 summum
843 494 953 521 bonum
974 493 1009 520 A.
1034 506 1068 511 ——
1089 492 1133 519 In
1154 491 1263 519 Laud.
1284 491 1303 516 Α
1324 489 1350 524 5,
1371 489 1389 518 2
1409 490 1468 523 Qui

149 530 241 557 tantis
268 530 319 558 dat.
343 531 379 558 A.
412 545 449 549 —
484 531 503 557 Α
531 530 564 563 5,
592 527 609 556 6
644 528 895 567 Peccatorumque
920 531 981 558 AB.
1009 546 1046 550 —
1078 530 1126 557 Ad
1153 529 1260 558 Bened.
1282 529 1310 563 Α,
1332 527 1350 555 2
1378 528 1466 556 huius

148 568 185 595 A.
206 581 243 587 -—
264 567 341 596 Ibid.
361 567 381 597 4
401 569 486 596 Beati
506 568 581 597 fehlt
599 568 636 595 A.
656 583 691 587 —
713 568 789 596 Ibid.
812 567 846 597 10
866 570 910 597 Tu
932 569 1017 596 sedas
1036 572 1068 596 tu
1088 568 1244 596 clementer
1259 567 1300 601 A3
1322 567 1414 595 Sedas
1435 568 1468 593 tu

148 607 311 634 exuberans
327 606 357 634 O.
373 622 412 626 ——
425 607 499 635 lbid.
513 605 547 634 11
563 606 725 635 exuberans
740 606 814 634 fehlt
827 607 861 633 A.
875 620 911 625 ——-
924 607 999 634 Ibid.
1020 605 1055 634 12
1074 606 1146 633 fehlt
1161 607 1197 634 A.
1214 619 1250 625 -—
1263 605 1305 632 In
1319 603 1345 631 2.
1361 606 1465 639 Vesp.

149 644 186 671 ad
212 644 312 681 Magn.
334 644 362 678 Α,
383 641 401 672 3
431 645 454 673 O
484 652 615 681 propago
646 645 683 672 D.
710 659 748 664 ⁶-
767 645 842 672 Ibid.
864 644 881 672 5
912 644 954 672 Ut
974 645 1029 672 hac
1049 645 1111 671 vita
1130 644 1170 679 133
1199 644 1262 671 vita
1280 643 1353 671 fehlt
1371 644 1408 671 D.
1430 656 1466 661 —

149 682 225 710 Ibid.
256 681 290 710 10
317 682 363 710 Ad
391 684 487 717 ipsum
514 685 663 720 pastorem
687 683 722 710 A.
757 697 790 701 —
824 683 899 711 Ibid.
929 681 965 710 14
989 682 1058 712 Heu
1085 690 1156 710 suae
1184 682 1284 710 mortis
1311 690 1329 709 a
1355 689 1400 709 me
1424 681 1462 716 A3

148 721 252 748 mortis
273 722 390 749 animae
405 722 466 749 OD.
487 738 522 742 —
544 721 635 750 Diese
649 720 668 746 Α
689 720 767 748 steht
786 721 855 748 inA
875 720 1015 749 ebenfalls
1036 720 1073 748 ad
1085 719 1270 757 Mag-nificat;
1291 720 1323 746 in
1337 717 1362 746 2.
1377 718 1465 755 Vesp.

147 757 240 786 findet
263 759 327 786 sich
348 759 397 788 die
416 760 552 797 folgende
573 757 611 785 Αε

607 796 753 831 Splendor
772 797 940 832 pudicitiae,

645 835 764 862 Zelator
784 836 977 871 paupertatis,

610 872 733 901 Amator
752 873 946 908 innocentiae,

647 911 750 939 Cultor
770 912 959 946 virginitatis,

608 947 765 976 Lustrator
787 949 959 985 sapientiae,

646 987 797 1014 Protector
816 988 962 1020 veritatis,

607 1025 685 1053 Ante
703 1025 841 1052 thronum
861 1024 1006 1060 fulgidum

607 1064 685 1090 Para
703 1063 788 1090 nobis
810 1063 938 1090 aditum*

645 1101 791 1128 Aeternae
810 1101 982 1128 maiestatis.

145 1139 188 1166 Zu
217 1138 282 1166 dem
304 1138 442 1166 Officium
462 1138 592 1174 gehtiren
619 1139 695 1166 noch
721 1139 819 1173 einige
847 1139 1080 1173 Responsorien,
1109 1138 1158 1166 die
1182 1140 1214 1166 in
1240 1137 1468 1166 verschiedenen

147 1176 273 1211 Quellen
301 1186 339 1204 an
366 1176 596 1204 verschiedenen
624 1176 714 1204 Orten
741 1177 910 1212 eingestellt
933 1176 1017 1212 sind,
1037 1178 1069 1204 in
1095 1176 1120 1203 B
1146 1178 1222 1204 nach
1250 1176 1301 1203 der
1329 1174 1371 1210 9.,ι
1390 1176 1422 1203 in
1441 1176 1467 1203 E

144 1215 223 1243 nach
243 1214 294 1242 der
314 1213 341 1243 8.
364 1215 496 1243 Lection.
538 1214 589 1242 sie
609 1214 730 1242 lauten:

143 1263 178 1289 R.
203 1263 318 1298 Perusi,
339 1264 412 1291 urbe
431 1261 544 1297 inclita,
836 1263 871 1289 R.
894 1261 980 1296 Apud
1000 1270 1145 1289 summum
1165 1260 1340 1298 pontificem,

242 1301 372 1336 Vigebat
390 1300 500 1327 bellum
520 1300 680 1334 horridum,
897 1299 1002 1327 Almae
1021 1299 1103 1328 urbis
1122 1300 1296 1335 praesulem,

280 1339 365 1372 Quod
386 1338 493 1366 multos
515 1339 733 1373 substernebat3
936 1338 1115 1365 criminatus
1136 1341 1181 1365 est
1200 1339 1340 1371 insonter,

202 1377 263 1405 Hic
282 1385 388 1413 praeeo
408 1384 482 1403 voce
501 1376 603 1404 valida
897 1375 955 1403 Sed
975 1376 1070 1404 almae
1090 1376 1168 1403 sedis
1188 1377 1286 1412 gratia

240 1415 372 1443 Damnat
391 1417 538 1442 certamen
559 1414 707 1446 stolidum,
896 1414 941 1441 De
961 1414 1157 1449 praedicando
1178 1415 1265 1451 copia

284 1453 369 1487 Quod
388 1451 460 1480 fides
481 1452 632 1489 arguebat,
932 1451 972 1479 Ei
993 1452 1078 1479 datur
1099 1452 1260 1488 eleganter,

143 1492 181 1518 V.
205 1492 293 1520 Saxis
313 1492 442 1519 ruebant.
459 1491 603 1523 homineS,
837 1490 874 1517 V.
898 1490 1093 1518 Confutantur
1116 1491 1234 1526 aemuli,

204 1530 331 1558 Fiebant
350 1529 443 1557 Satan
462 1532 613 1564 martyres,
896 1527 942 1556 Ad
963 1536 1027 1555 eum
1048 1527 1150 1555 fideles
1171 1528 1273 1565 populi

243 1568 301 1601 Qui
323 1568 442 1595 cunctos
464 1566 629 1595 deludebat.
934 1566 1062 1593 Currunt
1084 1566 1252 1595 adfluenter.

561 1606 598 1636 R.
626 1610 754 1639 viterbii
775 1609 841 1637 dum
863 1610 974 1637 veritas

623 1648 664 1676 Et
683 1649 809 1685 mystica
827 1647 980 1675 moralitas

661 1687 720 1715 Per
741 1695 807 1714 eum
826 1686 987 1718 nuntiatur,

624 1725 812 1753 Nefariorum
831 1725 972 1759 pravitas,

623 1763 759 1791 Invidiae
778 1763 926 1790 voracitas

662 1802 809 1830 Noeenter
827 1801 1034 1835 inflammatur,

559 1839 595 1866 V.
622 1840 734 1868 Verum
753 1840 857 1867 divina
875 1840 993 1867 bonitas

620 1878 662 1905 Et
679 1879 787 1907 mentis
807 1874 905 1914 [suae]
926 1879 1060 1913 aequitas

659 1917 699 1945 Ei
721 1916 912 1945 auxiliantur.

218 1961 261 1989 Zu
286 1960 399 1989 diesem
421 1959 557 1988 Officium
576 1960 705 1996 gehen-en
726 1959 775 1988 die
794 1960 950 1995 Hymnen:
980 1959 1015 1986 In
1038 1957 1062 1986 1.
1083 1959 1187 1995 Vesp.:
1207 1959 1319 1987 Auctor
1338 1957 1470 1992 (Doctor)

143 2000 231 2034 orbis,
251 2000 348 2027 victor
367 1999 479 2027 morbis
491 1998 624 2032 (mortis),
639 1999 724 2027 Anal.
739 1998 821 2033 XIX,
836 1995 893 2031 932
917 1997 953 2024 ad
966 1998 1064 2025 Nost..
1088 1997 1251 2025 Innovatur
1266 1997 1350 2033 plebs
1362 1997 1469 2032 fidelis,

142 2038 230 2066 Anal.
251 2038 302 2065 IV.
327 2036 394 2073 1123
416 2038 448 2064 in
469 2036 570 2065 Laud:
591 2037 710 2065 Laudet
727 2037 825 2065 Deum
846 2035 987 2063 diluculo.
1007 2036 1095 2064 Anal.
1116 2037 1197 2070 XIX,
1220 2033 1265 2064 93.

513 2140 559 2171 56.
595 2139 631 2171 In
653 2137 873 2171 {translatione
891 2145 914 2169 s.
935 2137 1103 2179 Birgittae.

280 2212 329 2244 In
357 2213 387 2247 1.
415 2211 525 2251 Vesp
539 2211 639 2243 eris.
906 2208 990 2240 Nam
1016 2209 1150 2241 suscitas
1178 2209 1218 2241 de
1241 2209 1374 2248 pulvere

908 2256 1075 2297 Brigidam
1101 2260 1133 2289 et
1159 2257 1373 2290 conscendere

360 2296 559 2333 Antiphonae.
956 2304 1023 2337 Das
1048 2307 1182 2337 matrem
1206 2304 1355 2339 filiorum.

154 2367 188 2400 1.
215 2366 394 2399 Benedicta
418 2365 473 2407 sis,
500 2365 629 2398 trinitas
849 2365 879 2397 2.
907 2361 998 2394 Haec
1024 2366 1095 2395 orta
1120 2363 1221 2404 stirpe
1246 2363 1347 2396 nobili

214 2413 372 2457 Gloriosa,
399 2422 480 2454 quae
505 2413 645 2454 semitas,
956 2410 1166 2443 Nobilitatem
1192 2412 1317 2453 generis

256 2461 431 2495 illustrasti
455 2467 648 2503 sanctorum,
1001 2459 1182 2492 Virtutibus
1208 2460 1344 2506 ornavit,
