1653 2567
718 154 975 190 -146—

320 251 364 282 In
392 252 422 283 1.
449 250 675 284 Nocturno.

406 344 601 381 Antiphonae.

206 412 237 446 1.
262 412 453 444 Benedictus
474 414 539 443 tam
565 413 689 444 nomine

263 459 361 498 Quam
387 459 560 498 gratiarum
581 468 711 491 munere

258 507 288 538 E
313 506 430 538 Nursia
452 507 634 546 progenitus

264 554 365 586 Claris
391 551 481 584 fulsit
504 553 701 592 parentibus

203 612 235 642 2.
261 610 324 642 Hic
347 618 420 649 ergo
446 609 566 641 Romae
590 611 726 642 traditus

260 656 447 697 Disciplinis
469 657 676 701 scholaribus,

260 704 314 735 Nil
339 703 421 736 scire
447 704 538 735 duxit
563 705 768 746 commodum,

260 751 331 783 Nisi
358 751 459 783 crucis
484 753 680 792 mysterium.

203 807 233 841 3.
260 808 416 840 Mundum
441 807 506 839 suis
532 817 601 839 cum
626 807 756 841 floribus

260 854 403 886 Scienter
427 855 550 893 sprevit
574 856 698 887 nescius

258 902 394 941 Iesuque
419 900 524 933 ferens
549 903 697 942 stigmata

261 948 438 988 Speluncae
462 949 543 988 petit
567 950 686 982 abdita.

200 1006 232 1037 4.
259 1004 409 1036 Sanctum
433 1005 593 1037 Romanus
620 1006 763 1038 habitum

258 1052 323 1083 Dat
346 1052 405 1090 illi,
432 1050 496 1083 fert
518 1052 705 1093 subsidium,

259 1099 323 1131 Sed
348 1099 497 1137 magister
520 1099 662 1131 invidiae

258 1145 365 1177 Saevit
391 1146 422 1176 in
447 1146 537 1177 illum
562 1147 678 1186 lapide.

203 1204 232 1235 5.
260 1204 297 1234 1n
322 1210 428 1242 spch,
455 1202 513 1233 sub
539 1211 599 1242 quo
624 1203 740 1244 latitat,

257 1249 317 1280 Dei
347 1249 437 1280 miles
461 1257 495 1280 se
520 1250 648 1289 cruciat,

258 1296 321 1328 Sed
347 1304 404 1328 rex
428 1296 546 1336 mundi,
574 1297 622 1328 cui
645 1297 771 1338 militat,

259 1343 354 1375 Hunc
378 1343 544 1374 sacerdote
568 1344 685 1376 visitat.

201 1401 232 1433 6.
257 1400 391 1432 Athleta
414 1398 475 1430 Dei
500 1400 647 1439 gravibus

257 1447 371 1478 Poenis
397 1454 491 1477 urens
517 1447 654 1478 exterius

258 1493 368 1525 Hostis
393 1493 425 1524 in
451 1499 555 1525 mente
578 1494 683 1526 iacula

257 1542 335 1581 Igne
361 1540 512 1572 exstinxit
534 1541 637 1581 ignea.

390 1625 597 1660 Responsoria.

199 1692 230 1725 1.
257 1692 383 1725 Florem
410 1693 519 1724 mundi
545 1693 721 1732 periturum

255 1739 412 1779 Despexit
435 1742 592 1780 tamquam
619 1741 754 1781 aridum,

255 1788 301 1821 Ut
323 1786 435 1819 floreat
459 1787 492 1818 in
517 1792 680 1820 aeternum

254 1835 447 1867 Benedictus
473 1837 547 1866 ante
572 1835 683 1875 Deum,

181 1883 219 1914 V.
251 1883 376 1915 Pennas
402 1890 527 1914 sumens
551 1886 587 1914 ut
612 1883 774 1916 columbae

252 1929 397 1962 Recessit
421 1930 560 1970 gaudens
585 1932 702 1970 requie.

196 1989 226 2018 2.
255 1987 339 2019 Puer
363 1984 469 2018 fletum
495 1987 683 2019 subsecutae

251 2034 436 2067 Consolatus
460 2035 646 2074 nutriculae,

249 2082 324 2122 Vas,
351 2081 406 2113 ubi
431 2090 527 2121 prece
551 2083 679 2125 solidat,

248 2129 354 2170 Fugit,
377 2137 419 2160 ne
441 2129 537 2161 laude
559 2133 678 2173 pereat,

182 2177 217 2211 V.
248 2177 424 2217 Elongatus
452 2186 471 2208 a
494 2178 618 2209 nutrice

248 2225 370 2256 Mansit
390 2224 424 2255 in
449 2225 629 2257 solitudine.

190 2284 221 2315 3.
250 2282 404 2324 Agnosce,
431 2281 493 2313 Dei
516 2282 645 2323 famule,

247 2329 393 2361 Surrexit
418 2329 563 2363 Christus
588 2330 649 2362 hac
675 2331 736 2371 die,

247 2377 385 2417 Adsunt,
412 2387 489 2417 quas
515 2378 611 2419 misit,
639 2380 759 2419 epulae,

249 2425 343 2458 Cuius
369 2433 476 2457 amore
499 2426 649 2468 percipe3

870 251 909 284 V.

884 357 915 387 4.

940 252 1029 284 Haec
1055 251 1132 292 dies,
1159 261 1252 291 quam
1279 249 1357 283 fecit
1381 249 1479 290 Deus,

943 300 981 331 In
1007 308 1077 341 qua,
1103 299 1201 339 iubet,
1229 298 1431 331 exsultemus,

943 355 1056 388 Electo
1082 365 1159 396 grex
1183 354 1382 388 mortiferum

943 404 1032 435 Patri
1058 402 1182 435 ferebat
1207 403 1365 443 poculum,

943 450 1007 482 Sed
1032 451 1080 483 vir
1105 451 1166 482 Dei
1191 451 1279 491 signo
1305 450 1390 482 vitae

942 499 1006 529 Vas
1032 499 1120 538 rupit
1145 501 1302 538 tamquam
1327 498 1459 537 lapide3

937 545 1147 577 Intenderunt
1172 555 1280 577 arcum
1304 554 1405 586 suum,

940 592 986 625 Ut
1008 592 1181 631 perderent
1205 592 1377 625 innoxium.

1003 686 1048 718 In
1074 692 1105 720 2.
1132 687 1360 720 Nocturno.

1084 762 1279 796 Antiphonae.

906 842 913 849 .
939 819 1006 850 Iam
1033 819 1128 851 latius
1152 820 1298 859 innotuit,

939 866 1034 905 Quasi
1059 867 1181 906 lampas
1207 867 1343 907 emicuit,

936 913 989 945 Sic
1013 914 1204 946 Benedictus
1230 914 1364 946 celebris

937 959 1172 1000 Frequentatur
1196 971 1214 994 a
1242 962 1380 1002 populis.

903 1041 910 1048 .
936 1017 1015 1048 Eius
1041 1026 1115 1058 ergo
1139 1018 1196 1049 sub
1222 1018 1350 1050 tramite

937 1064 1033 1095 Multi
1060 1065 1134 1096 dum
1160 1069 1284 1097 certant
1306 1065 1425 1108 vivere,

936 1110 1031 1142 Locis
1056 1110 1171 1143 florent
1197 1113 1360 1153 duodenis,

936 1158 1052 1198 Fulget
1075 1159 1145 1198 ipse
1170 1160 1341 1193 miraculis.

905 1242 910 1247 .
936 1214 1000 1245 Hic
1023 1224 1085 1247 non
1109 1216 1214 1256 impar
1239 1216 1366 1249 Elisaeo

938 1261 1008 1293 Ciet
1032 1261 1152 1294 ferrum
1183 1264 1222 1295 de
1246 1262 1417 1305 profundo,

937 1308 1053 1340 Sensus
1080 1313 1112 1341 et
1136 1311 1233 1342 corda
1257 1312 1420 1355 perspicit,

937 1356 1090 1388 Praesens
1117 1358 1265 1390 absentes
1288 1359 1402 1399 arguit.

902 1437 909 1444 .
933 1412 1065 1444 Maurus
1090 1414 1186 1446 verbo
1213 1423 1342 1447 currens
1366 1417 1468 1455 patris

936 1460 1025 1492 Petri
1050 1459 1152 1492 fertur
1177 1462 1319 1503 vestigiis

936 1506 1039 1546 Super
1063 1508 1186 1548 liquens
1213 1510 1401 1542 elementum

933 1554 1139 1595 Mersumque
1161 1558 1260 1589 trahit
1285 1557 1459 1592 Placidum.

903 1635 908 1641 .
934 1609 1058 1643 Favent
1083 1616 1196 1645 cuncta
1220 1614 1413 1646 Benedicto:

934 1658 1000 1689 Vas
1026 1662 1139 1698 sponte
1162 1665 1271 1693 manat
1296 1662 1375 1702 oleo,

935 1704 1032 1745 Fugit
1057 1707 1131 1748 vita,
1164 1709 1288 1748 spernit
1311 1712 1399 1741 terra

934 1752 1013 1784 Eius
1039 1754 1198 1793 privatum
1219 1756 1332 1797 gratia.

901 1831 908 1838 .
936 1809 960 1842 Ο
988 1813 1105 1849 quanta
1129 1812 1242 1851 plenus
1267 1814 1372 1854 gratia

935 1856 1095 1896 Respectu
1120 1860 1241 1899 rumpit
1267 1860 1403 1901 vincula,

936 1903 1056 1936 Sedens
1082 1910 1194 1938 curvat
1216 1908 1353 1948 imperia

935 1951 1128 1985 Benedictus
1153 1964 1211 1994 per
1236 1956 1373 1988 saecula.

1070 2028 1276 2064 Responsoria.

895 2109 902 2116 .
930 2085 1046 2117 Servus
1071 2086 1133 2118 Dei
1157 2088 1350 2122 Benedictus

933 2132 1030 2164 Stetit
1058 2134 1206 2167 misertus
1231 2137 1328 2178 illiuS,

931 2181 990 2220 Qui
1017 2181 1217 2215 clamitabat:
1247 2194 1264 2217 ο
1287 2193 1402 2227 meum,

932 2228 956 2260 O
982 2229 1091 2272 redde,
1119 2231 1220 2263 redde
1245 2231 1362 2264 filium!

930 2276 1031 2308 Orans
1056 2277 1212 2310 iacentem
1238 2280 1380 2321 suscitat,

932 2323 1052 2355 Reddit
1076 2326 1172 2365 patri,
1200 2328 1254 2367 qui
1279 2328 1432 2363 clamitat.

897 2406 904 2414 .
930 2380 1124 2414 Benedictus
1156 2393 1248 2424 quam
1276 2385 1407 2420 devotas

929 2429 998 2461 Deo
1023 2430 1167 2463 solvebat
1191 2434 1321 2474 gratias,
