1655 2568
157 218 188 250 3.

153 1851 190 1883 V.

167 2003 197 2033 2,

212 212 378 247 Tribunali
407 211 539 250 sistitur,

213 261 327 301 Iurgiis
357 258 533 298 discutitur,

257 308 357 341 Minis
380 305 541 347 fatigatur,

215 356 333 389 Offerat
354 356 390 385 ut
413 353 508 385 idolis

212 404 311 440 Tura,
336 401 441 434 verbis
465 398 607 432 subdolis

263 448 393 482 Praesul
421 447 591 487 invitatur3

178 522 185 531 .
217 499 292 531 Cum
319 495 491 536 sprevisset
514 493 611 535 idola,

215 544 320 577 Multa
344 543 437 582 fuste,
464 541 520 573 sed
545 549 606 572 non
628 538 718 577 iuste,

219 591 329 624 Pravis
359 590 394 622 fit
417 588 579 629 parabola.

271 731 317 765 In
345 733 375 764 2.
402 730 629 762 Nocturno.

358 813 553 849 Antiphonae.

183 908 191 917 .
215 881 358 921 Domine,
384 889 447 911 non
471 879 594 910 habitat

264 929 357 961 quta
381 930 412 957 te
436 926 602 965 malignus,

216 976 289 1015 Sed,
315 975 367 1014 qui
392 982 427 1005 se
451 973 597 1005 nobilitat

262 1022 309 1055 Ut
331 1021 481 1052 Erasmus
508 1020 631 1060 dignus.

217 1078 328 1111 Omnia
351 1076 408 1108 sub
434 1076 568 1116 pedibus

263 1125 342 1157 Eius
368 1123 538 1162 subiecisti,

220 1174 301 1210 Iesu,
328 1171 405 1203 caeli
431 1170 549 1202 civibus

264 1219 344 1251 Eum
371 1221 404 1248 tu
427 1216 569 1250 iunxisti.

219 1276 304 1308 Sicut
330 1282 440 1314 passer
463 1273 575 1305 volitat

267 1322 417 1354 Erasmus
443 1320 483 1352 ad
508 1321 654 1360 montem,

224 1370 348 1402 Virtute
373 1376 407 1399 se
433 1368 550 1399 excitat

270 1416 359 1448 Vitae
383 1418 511 1455 gustans
536 1413 664 1445 fontem.

351 1508 556 1542 Responsoria.

188 1595 195 1601 .
220 1567 380 1607 Erasmus,
406 1567 455 1597 vir
479 1565 615 1607 lepidus,

220 1614 341 1646 Effatur
365 1613 552 1653 intrepidus,

269 1662 377 1694 Omnis
403 1668 517 1700 expers
541 1659 627 1701 mali,

220 1708 348 1741 Fideles
374 1707 529 1746 aedificat,

223 1755 380 1787 Christum
405 1755 509 1787 lesum
533 1756 701 1793 praedicat

270 1804 387 1834 Astans
412 1802 581 1839 tribunali3

218 1851 302 1882 Vera
325 1849 404 1882 fides
429 1848 548 1888 rutilat,

227 1897 289 1928 Hic
313 1897 433 1928 athleta
458 1899 561 1927 mente
586 1896 670 1927 laeta

224 1944 293 1976 Deo
317 1944 428 1977 laudes
452 1943 575 1975 iubilat.

225 2000 358 2032 Carcere
381 1999 563 2040 includitur,

227 2048 328 2078 Multo
355 2046 439 2079 ferro
465 2048 620 2087 premitur

271 2095 357 2134 Rege
381 2094 557 2133 ordinante,

227 2144 255 2173 A
281 2141 366 2174 ferro
392 2144 423 2172 et
448 2149 574 2173 carcere

227 2188 413 2221 Solvebatur
435 2197 570 2228 propere

273 2237 394 2276 Angelo
419 2238 611 2275 praestante,

189 2308 196 2314 .
226 2283 286 2315 Dei
312 2284 425 2315 transit
447 2283 550 2323 gratia

228 2331 304 2363 Mox
329 2330 473 2370 pusillam
499 2331 532 2362 in
558 2328 699 2362 favillam

228 2378 348 2410 Ferrea
371 2380 513 2409 materia.

753 107 821 143 280
871 124 914 130 —-

832 203 862 234 3.
890 199 995 233 Offero
1021 207 1084 230 non
1109 193 1251 235 sculptili

891 247 1003 287 Neque
1027 245 1096 277 Deo
1122 243 1224 283 fictili,

936 295 1056 326 Verum
1082 292 1208 325 Christo
1233 288 1303 328 soli,

889 343 994 376 Auras
1017 338 1212 372 maculantia

889 390 1049 431 Spargere
1074 385 1199 427 eloquia

937 437 995 478 Tu,
1022 444 1089 475 rex,
1117 442 1191 475 ergo
1216 431 1301 472 noli;

851 511 858 518 .
889 484 1002 518 Colere
1026 482 1190 522 sculptilia

891 532 961 565 Non
989 535 1036 562 est
1060 533 1162 571 aptus⁷
1191 527 1252 559 nisi
1279 528 1390 565 captus

892 578 1012 613 Caecae
1034 577 1150 610 mentis
1173 573 1268 609 furia.

952 721 996 753 In
1024 721 1054 754 3.
1081 719 1312 752 Nocturno.

1036 803 1231 839 Antiphonae.

860 897 865 904 .
894 873 1036 912 Operans
1060 871 1213 903 iustitiam

940 919 1020 951 Mali
1047 918 1129 959 fugit,
1152 920 1285 958 pestem,

893 966 1045 999 Erasmus
1069 968 1101 997 in
1128 964 1264 1004 patriam

941 1013 1094 1046 Graditur
1124 1012 1301 1044 caelestem.

847 1075 868 1103 ³.
894 1070 1019 1103 Erasmi
1044 1070 1078 1101 in
1102 1069 1216 1109 capite,

938 1117 1025 1149 Deus
1049 1117 1196 1157 gloriose,
1218 1124 1233 1137 ⁴

894 1166 1047 1198 Coronam
1076 1165 1116 1197 de
1139 1163 1248 1204 lapide

941 1212 1040 1243 Ponis
1064 1211 1215 1252 pretiose.

863 1296 870 1303 .
897 1269 1009 1301 Portas
1035 1271 1156 1300 vestras
1182 1268 1295 1306 tollite,

945 1316 1110 1355 Principes
1135 1314 1276 1355 superni,

895 1364 1032 1396 Militem
1056 1363 1209 1402 suscipite

946 1411 1011 1442 Iam
1038 1409 1121 1451 regis
1144 1410 1278 1442 aeterni.

1030 1504 1237 1540 Responsoria.

863 1590 870 1597 ,
897 1562 1049 1594 Erasmus
1076 1571 1146 1593 eum
1171 1570 1246 1602 rege
1270 1562 1358 1595 Iovis

899 1609 1065 1650 Templum
1092 1610 1193 1641 intrat
1216 1610 1311 1642 bellis
1334 1610 1425 1643 novis

948 1656 1076 1689 Gemitu
1101 1660 1135 1687 et
1157 1658 1319 1697 precibus,

900 1704 1022 1737 Idolum
1051 1714 1122 1737 mox
1147 1704 1283 1737 fractum
1311 1706 1375 1738 ruit

899 1751 943 1783 Et
966 1751 1175 1785 incineratum
1200 1751 1262 1784 fuit

950 1799 1104 1832 Gentibus
1130 1801 1341 1843 stupentibuS,

866 1872 871 1879 .
901 1846 952 1879 Ex
978 1855 1039 1887 quo
1064 1847 1171 1880 statim
1196 1848 1323 1890 proruit

904 1894 1007 1926 Draco
1034 1895 1132 1933 dirus,
1159 1904 1312 1936 spargens
1338 1897 1425 1928 virus

902 1941 996 1973 Viros
1021 1943 1135 1974 multos
1152 1943 1269 1976 necuit.

867 2024 874 2031 .
902 1997 1094 2038 Confregere
1118 2000 1254 2033 subdola

903 2045 981 2078 Mox
1007 2048 1140 2087 gentiles
1166 2048 1254 2080 idola

949 2094 1043 2126 Miris
1070 2095 1144 2126 visis
1170 2096 1278 2135 tantis,

903 2141 944 2173 Et
971 2141 1123 2181 baptismi
1147 2143 1252 2183 gratia

901 2189 1038 2221 Currunt
1063 2191 1105 2222 ad
1130 2192 1295 2229 praesidia

952 2235 1071 2268 Summi
1098 2237 1308 2278 dominantis3

863 2308 870 2315 .
901 2284 1053 2316 Exsultat,
1077 2285 1224 2326 ecclesia,

903 2332 985 2363 Dum
1013 2335 1173 2371 gementes
1199 2333 1310 2365 volant
1334 2336 1443 2373 gentes

905 2379 958 2411 Ad
982 2379 1044 2410 Dei
1068 2380 1230 2421 obsequia.
