1653 2567
701 137 956 173 -174—

308 235 354 267 ln
380 236 412 270 2.
436 235 664 269 Nocturno.
986 235 1031 267 In
1059 235 1090 267 3.
1116 233 1349 268 NocturnO.

1076 309 1272 345 Antiphonae.

869 367 900 399 1.
927 369 968 401 Os
993 368 1099 399 verbis
1123 368 1203 408 legis
1229 369 1352 409 gratiae

975 415 1142 455 Sapienter
1162 416 1306 457 adponit,

927 463 1066 495 Verbum
1092 472 1203 495 sacrae
1226 463 1379 495 scientiae

976 510 1195 543 Condecenter
1219 510 1382 551 proponit.

866 567 898 599 2.
926 567 1055 599 Sacram
1082 567 1257 599 doctrinam
1284 567 1446 607 scriptitat

188 607 218 638 2.
246 605 321 637 Divi
346 605 513 638 Francisci
538 606 682 638 ordinem
972 614 1009 646 11,
1036 614 1166 655 spiritus
1190 616 1310 647 virtute

285 652 349 684 Ter
374 653 476 693 quinis
502 652 604 684 ‘fribus
629 653 722 695 reXi‘ssa
929 662 1093 702 Veraeque
1121 662 1192 693 viae
1216 662 1318 695 sociat

244 699 344 731 Natos
369 709 429 742 per
453 701 562 732 mundi
586 701 748 733 cardinem
972 709 1092 742 Devjos
1117 718 1137 741 a
1160 710 1272 744 salute·

281 746 334 779 Ad
361 749 462 780 ardua
487 748 644 787 proveXit·
867 767 897 799 3.
924 767 1001 800 Post
1026 766 1118 798 huius
1144 767 1246 798 sancti
1273 767 1420 807 dogmata

183 823 214 856 3.
242 821 288 855 Ut
309 821 367 854 fios
393 824 458 855 eius
485 823 640 863 eloquium
969 814 1176 846 Instruuntur
1201 814 1366 853 doctrinis,

288 869 458 910 Fragranffi
476 870 533 902 flat
556 871 663 913 Odore,
924 861 1041 900 Quibus
1067 866 1262 914 sparguntur
1288 861 1415 892 climata

243 917 343 948 Nemo
370 919 436 949 eius
462 917 623 959 fastigium
969 908 1116 948 Eloqufis
1143 908 1268 942 leiniS-

292 963 415 1005 Lingua
440 965 567 998 scandit
590 967 623 996 et
647 974 712 1000 ore.

390 320 585 357 Antiphonae.

188 388 220 422 1.
246 387 343 419 Hunc
367 388 507 421 Parisius
530 388 661 428 insignis

296 435 372 467 Alto
398 436 502 468 elevat
525 436 650 476 throno,

247 482 345 521 Quem
369 484 457 515 Iesus
483 483 598 515 ardore
622 482 703 524 ignis

296 529 431 562 Caelesti
459 530 540 562 ditat
566 530 657 563 dono.

1059 1002 1267 1038 Responsoria.

376 1060 584 1095 Responsoria.
866 1061 897 1093 1.
925 1061 1036 1094 Carnis
1062 1058 1244 1092 refraenata
1269 1060 1392 1092 malitia

919 1109 1145 1141 Bonaventura
1170 1116 1324 1148 spernens
1349 1110 1457 1139 terrea

918 1156 1038 1196 Magna
1062 1155 1210 1187 vendicat
1233 1154 1399 1197 beneficia,

921 1203 1007 1235 Caeli
1033 1201 1112 1233 felix
1136 1202 1236 1234 intrat
1259 1202 1292 1233 in
1318 1211 1461 1244 amoena,

241 1267 438 1299 Accenditur
465 1268 589 1300 devotio
849 1251 887 1283 V.
918 1250 1036 1303 Vivens
1052 1254 1094 1302 ¹et
1118 1250 1235 1303 mundo
1262 1252 1403 1281 mortuus

288 1313 439 1355 Refulget
462 1316 509 1346 sic
533 1293 698 1355 magnifice
919 1297 1008 1330 Viffit
1028 1299 1095 1358 Ῥω
1119 1295 1299 1328 melhfluus·

332 1361 462 1394 Arni-Qus
485 1363 590 1402 magni
614 1364 707 1405 regis,
863 1355 893 1385 2«
917 1354 969 1386 De
992 1354 1221 1392 ΒΟῙἸΡΪΠῙῊῙἨΣΠ
1247 1353 1362 1384 horreo

169 1408 209 1443 V.
237 1408 289 1440 Ex
313 1410 434 1441 meritis
459 1408 592 1442 mirifice
966 1401 1191 1433 BODaVfflJ‘ffll'a
1214 1400 1320 1440 satiat,

240 1456 412 1488 Proveotus
437 1456 613 1489 honorifice
920 1448 1108 1481 Comitivam
1133 1447 1365 1486 scholasticam,

184 1125 214 1158 1.
241 1125 325 1157 Dum
352 1126 477 1158 deditus
504 1130 551 1159 est
575 1127 681 1159 studio

285 1173 362 1206 Cum
388 1175 565 1205 sanctitatis
591 1174 681 1213 apice

335 1220 469 1253 Amator
493 1230 593 1253 novae
617 1222 707 1263 legis,

289 1502 343 1534 Fit
369 1504 480 1544 dignus
506 1507 615 1544 pastor
639 1505 752 1546 gregis,

211 1604 217 1611 .
244 1579 403 1611 Albanum
429 1580 511 1620 regit
533 1580 686 1619 populum

287 1626 401 1659 Pastor
424 1630 537 1667 potens
561 1628 733 1668 praesidio⁷

335 1674 432 1712 Quem
456 1675 590 1715 benigne
616 1675 742 1715 direxit,

242 1721 408 1760 Exemplis
434 1722 571 1754 reddens
596 1723 750 1763 sedulum,

286 1768 449 1801 Doctrinis
471 1768 509 1801 fit
531 1770 696 1802 instructio

335 1816 406 1857 His,
424 1826 501 1856 quos
518 1817 651 1848 multum
669 1817 791 1856 dilexit3

203 1891 209 1897 .
242 1864 403 1902 Prospera
427 1866 521 1904 atque
545 1865 705 1896 saeculum

286 1910 405 1950 Magno
431 1920 501 1942 cum
527 1911 685 1944 desiderio

333 1958 523 1998 Voluptates
550 1959 705 1998 despexit.

207 2060 214 2068 .
240 2034 343 2067 Audit
365 2044 404 2068 ex
430 2034 604 2076 evangelio,

289 2083 375 2121 Quae
393 2082 537 2115 Christus
563 2090 655 2114 cruce
669 2083 791 2123 patitur

333 2129 386 2162 Ad
412 2130 631 2162 redimendum
654 2131 778 2171 missus,

238 2177 356 2209 Fervet
380 2187 459 2218 prae
485 2177 654 2221 desiderio,

284 2225 457 2257 Laetanter
476 2226 525 2257 his
550 2225 740 2269 immittitur,

333 2272 402 2305 Deo
428 2282 502 2306 vere
528 2275 732 2315 commissus3

200 2347 206 2353 .
237 2320 382 2353 Sentiens
410 2321 441 2353 in
468 2321 541 2353 Iesu
565 2321 620 2363 pio

286 2368 426 2401 Vulnera
451 2369 548 2401 corde
573 2369 750 2411 stringitur,

333 2416 479 2450 Passioni
503 2417 687 2452 submissus,

966 1495 1093 1528 Veritas
1118 1503 1159 1525 ne
1184 1495 1350 1535 caecutiat,

922 1542 1100 1584 Congregat
1124 1542 1166 1573 ad
1192 1542 1366 1581 scientiam,

965 1590 1138 1622 Doctrinae
1163 1590 1246 1622 viam
1272 1589 1423 1630 ampliat;

880 1659 888 1667 .
920 1638 982 1669 Pro
1007 1637 1193 1669 meritorum
1220 1637 1311 1678 copia

966 1684 1094 1717 Gaudet
1116 1693 1249 1724 magnus
1274 1685 1308 1716 in
1331 1684 1447 1725 patria,

920 1732 993 1764 Non
1018 1735 1082 1764 tam
1107 1732 1214 1765 verbis
1241 1732 1400 1772 erudiens,

970 1780 1070 1818 Quam
1094 1779 1149 1811 hic
1173 1781 1260 1812 vitae
1284 1780 1451 1812 munditia.

889 1861 896 1868 .
922 1837 951 1869 A
979 1845 1071 1868 sacra
1096 1838 1313 1869 communione

969 1885 1065 1916 Pater
1090 1883 1218 1915 humilis
1244 1884 1392 1926 abstinet,

1014 1931 1116 1963 Missa
1143 1931 1217 1962 dum
1244 1932 1432 1974 celebratur,

917 1979 974 2011 Fit
997 1978 1057 2010 Dei
1083 1978 1264 2018 provisione

966 2027 1046 2059 Pars
1071 2026 1204 2069 hostiae,
1232 2035 1281 2066 en,
1309 2026 1438 2066 eminet,

1015 2074 1082 2113 Qua
1106 2073 1134 2104 is
1159 2075 1425 2118 communicatur,

849 2121 886 2154 V.
917 2121 980 2154 Hic
1005 2121 1148 2153 omnibus
1173 2123 1381 2163 praeeminet,

967 2169 1130 2201 Meditans
1158 2169 1197 2201 de
1217 2170 1366 2210 passione

1015 2217 1144 2256 Christi,
1169 2227 1261 2258 quem
1280 2219 1475 2259 contempla-

1249 2269 1310 2299 tur.

850 2324 882 2356 4.
914 2322 1066 2355 Miranda
1089 2323 1161 2354 luce
1185 2324 1323 2356 vallatus

967 2371 1191 2404 Bonaventura
1218 2372 1346 2406 videtur

1015 2419 1169 2460 Parisius‚
1198 2421 1273 2454 dum
1300 2423 1381 2460 orat,
