1653 2567
172 2340 189 2373 1

709 112 942 147 -62-

244 209 327 241 Dum
352 210 559 250 praeeligitur

289 258 384 288 Anna
410 257 578 298 divinitus;

243 304 442 336 Summorum
469 305 583 337 civium

291 352 409 393 gaudet
433 353 601 394 exercitus,

241 399 331 439 Quod
356 400 399 431 sit
421 400 599 432 hominibus

290 448 331 479 ad
357 448 455 479 vitam
478 448 610 481 reditus,

245 503 376 536 Nutrita
399 504 586 536 Bethlehem

288 554 454 590 parentum
479 552 595 594 studio,

241 598 373 630 Transit
396 600 429 630 in
453 598 616 631 Nazareth

292 646 367 678 data
393 647 545 686 coniugio,

242 692 403 725 Christum
427 694 654 733 praenuntians

289 743 374 772 certo
403 742 565 781 mysterio,

241 787 337 820 Cuius
362 788 512 820 nativitas

287 838 381 874 atque
408 836 571 875 conceptio

239 881 327 914 Loca
353 883 429 915 dant
454 883 564 914 eadem

288 929 345 960 sub
370 930 548 970 privilegio.

240 984 357 1024 Stirpis
380 985 556 1018 Davidicae

286 1033 371 1064 clara
397 1034 573 1076 progenies,

242 1079 399 1111 Virtutum
423 1080 576 1120 probitas,

287 1132 445 1166 gestorum
470 1128 568 1159 series

239 1174 395 1214 Ostendit,
421 1174 475 1205 ubi
500 1175 543 1206 sit

283 1224 464 1252 sanctorum
491 1223 634 1265 requie53

198 1292 206 1299 .
236 1267 353 1299 Matris
378 1271 409 1299 et
431 1267 517 1300 filiae

283 1315 451 1346 coniuncta
472 1316 594 1355 species

237 1361 331 1402 Legis
357 1365 389 1393 et
412 1363 534 1402 gratiae

284 1408 321 1440 fit
344 1419 424 1441 unus
446 1410 562 1449 paries.

298 1532 343 1563 In
369 1534 401 1567 2.
428 1533 657 1568 Nocturno.

381 1608 541 1644 Antiphon}
547 1617 567 1636 ,ε

201 1690 209 1697 .
234 1666 329 1697 Anna
353 1666 435 1706 gerit
458 1665 556 1698 filiam

281 1712 384 1745 forma
407 1714 592 1753 speciosam,

234 1759 298 1792 Sed
323 1761 407 1800 quod
431 1761 532 1799 pluris
557 1761 663 1792 laudis
690 1764 747 1801 est,

282 1816 401 1838 summe
424 1808 606 1847 gratiosam.

199 1889 207 1896 .
235 1863 412 1904 Conceptus
438 1873 500 1896 non
527 1865 660 1906 derogat

279 1912 390 1943 matris
415 1912 582 1955 honestati,

232 1959 314 1991 Nam
340 1959 446 2000 proles
473 1960 621 1992 eximitur

282 2016 301 2038 a
325 2007 399 2038 labe
423 2008 557 2046 peccati.

232 2062 379 2095 Gloriosa
405 2064 516 2095 civitas

278 2110 439 2142 Nazareth
466 2112 576 2150 electa,

229 2158 325 2191 Cuius
352 2158 430 2190 civis
457 2159 579 2191 exstitit

277 2207 373 2237 Anna
397 2207 588 2246 praeelecta.

368 2282 576 2318 Responsoria„

230 2339 414 2372 Turbantur
441 2342 566 2374 steriles

276 2387 356 2429 legis
384 2389 567 2433 opprobrio,

924 210 1070 250 Super-na
1094 211 1197 251 pietas

973 258 1066 290 adest
1090 258 1239 298 remedio,

923 306 1011 337 Duos
1033 305 1188 337 laetificat

969 362 1032 385 una
1055 353 1223 393 promissio

924 401 973 432 De
999 399 1106 432 fructu
1131 399 1241 443 fertili,

970 449 1093 488 peccati
1119 448 1235 482 nescio.

853 496 890 528 V.
922 496 1042 528 Probat
1068 496 1219 527 citissime

970 543 1024 583 pia
1050 543 1188 585 devotio,

921 591 1010 630 Quod
1034 591 1079 622 nil
1105 590 1280 622 timendum
1306 593 1354 621 est

968 638 1037 670 Deo
1060 638 1210 678 propitio.

864 714 894 747 2.
920 713 1013 745 Mons
1041 714 1151 745 domus
1177 713 1306 745 Domini

969 761 1155 792 conscendit
1180 761 1341 801 verticem,

920 808 1077 839 Virtutem
1102 807 1289 848 praeferens

967 858 999 886 et
1023 856 1119 887 vitam
1145 856 1331 897 simplicem,

919 903 1033 934 Annae
1058 902 1238 935 fecunditas

965 950 1072 981 tendit
1093 950 1135 981 ad
1161 950 1293 989 apicem,

921 996 1012 1029 Uteri
1037 998 1156 1029 sterilis

966 1053 1028 1076 non
1053 1045 1168 1076 timens
1193 1044 1326 1077 obicem.

847 1090 885 1123 V.
916 1091 999 1122 Dum
1024 1092 1103 1131 legis
1128 1092 1223 1123 litera

965 1142 1070 1170 monet
1095 1138 1289 1181 pontificem,

917 1186 1072 1225 Adpellat
1096 1186 1250 1218 sanctitas

964 1234 1005 1265 ad
1031 1243 1186 1264 summum
1211 1234 1359 1268 iudicem.

859 1309 891 1340 3.
918 1308 1025 1340 Mater
1049 1309 1216 1348 mirabilis,

967 1356 1062 1396 digna
1086 1357 1249 1398 memoria,

917 1402 1074 1435 Mundum
1098 1403 1252 1436 laetificat

965 1455 1039 1490 post
1065 1451 1180 1483 damna
1204 1451 1319 1491 tristia,

920 1497 1015 1529 Cuius
1041 1497 1221 1531 fecunditas

965 1546 997 1576 in
1023 1546 1123 1586 prolis
1150 1547 1254 1586 gratia

917 1592 1060 1625 Terrena
1084 1597 1216 1633 reparat

965 1643 1060 1680 atque
1086 1641 1244 1674 caelestia.

847 1686 884 1720 V.
914 1687 1019 1730 Anna,
1046 1692 1222 1728 perpetuae

962 1735 1074 1766 salut-is
1099 1737 1222 1778 nuntia,

915 1781 1051 1814 Mariam
1076 1783 1207 1822 pariens

961 1829 1093 1862 innovat
1116 1831 1231 1863 omnia.

975 1974 1018 2004 In
1046 1975 1077 2006 3.
1103 1974 1331 2008 Nocturno.

1058 2059 1254 2095 Antiphonae.

858 2126 888 2157 1.
915 2126 1010 2156 Anna
1034 2124 1140 2159 fructu
1166 2129 1310 2172 gravida,

964 2174 1021 2204 sed
1046 2174 1094 2205 nil
1119 2178 1251 2214 portans
1277 2186 1385 2218 grave,

917 2220 1037 2253 Manna
1061 2230 1171 2253 verum
1197 2225 1362 2257 continens

966 2269 1110 2301 omnibus
1136 2279 1245 2304 suave.

859 2346 891 2378 2.
919 2344 1057 2385 Stupens
1084 2355 1122 2378 ex
1146 2348 1301 2382 miraculo

968 2394 1114 2434 concepit
1138 2396 1288 2438 puellam,
