1653 2567
732 109 837 145 -43

221 204 259 236 In
291 207 452 244 pastorem

270 252 344 283 dum
376 253 428 285 hic
456 253 594 299 eligitur,

220 299 259 331 In
284 300 405 332 virtute

271 348 393 380 cunctis
419 349 635 388 praestantior

223 393 300 426 Fuit
325 398 447 436 pastor,

271 443 325 482 qui
351 443 398 474 sic
422 443 621 483 praeficitur.

183 515 190 522 .
220 490 328 530 Super
351 490 490 523 salutem
517 493 545 523 ct
566 501 694 524 omnem
706 491 784 532 pul-

221 538 441 571 chritudinem
452 538 563 571 dilexit
573 539 783 578 sapientiam.

192 638 197 644 .
225 615 334 648 Corda
359 623 445 646 nunc
470 615 576 654 plebis
601 614 729 647 Domini

270 662 452 706 Replentur
476 663 634 702 ubertate,

225 710 311 742 Dum
337 718 376 741 ex
402 719 458 742 ore
482 710 647 742 Ambrosii

271 757 374 789 Plena
397 758 556 791 suavitate

224 805 332 838 Verba
359 806 480 839 Christi
505 804 681 846 profluunt,

224 853 313 893 Quae
338 851 451 885 fideles
478 852 637 885 reficiunt.

182 927 188 933 .
220 901 328 942 Quam
371 900 483 933 dulcia
519 900 671 942 faucibus
707 900 788 932 ‘meis

220 945 353 989 eloquia
377 951 446 986 tua,
472 948 627 981 Domine.

282 1091 329 1123 In
357 1092 388 1123 3.
416 1091 652 1123 NocturnO.

367 1175 568 1212 Antiphonae.

187 1270 195 1278 .
223 1244 301 1277 Oleo
327 1243 470 1275 laetitiae

268 1292 314 1323 Et
340 1292 547 1323 exultationis

221 1338 360 1372 Effluxit
382 1339 583 1377 Ambrosius,

269 1387 352 1419 Dum
379 1386 575 1427 operationis

223 1435 360 1468 Sanctae
390 1434 509 1467 mundo
536 1441 669 1465 munera

271 1482 415 1515 Contulit
440 1481 626 1521 frequenter

221 1531 306 1563 Fide
330 1528 500 1562 salutifera

270 1578 424 1611 Lucendo
452 1578 613 1611 decenter.

189 1684 195 1690 .
222 1654 394 1689 Exaltavit
417 1653 574 1687 Dominus

269 1703 321 1736 De
344 1703 440 1742 plebe
465 1705 542 1733 tunc
567 1701 700 1733 electum

222 1752 389 1784 Pastorem
414 1749 632 1789 nihilominus,

269 1798 355 1832 Dum
380 1797 529 1838 praeficit
555 1796 706 1828 dilectum

223 1846 429 1880 Ambrosium
456 1845 613 1878 ecclesiae

270 1894 422 1928 Sanctum
450 1893 627 1926 Mediolani

222 1945 284 1976 Per
310 1944 426 1975 donum
455 1942 549 1974 divae
574 1941 696 1981 gratiae

270 1990 386 2024 Gordis
411 1992 445 2022 in
469 1989 535 2023 fide
559 1990 640 2021 sani.

188 2096 195 2103 .
223 2068 406 2110 Myrrham,
432 2069 555 2107 guttam
581 2069 614 2098 et
639 2066 773 2098 cassiam

224 2117 356 2150 Omnem
379 2123 504 2155 quoque
528 2113 737 2154 fragrantiam

221 2164 365 2197 Excellit
389 2163 456 2196 vita
479 2162 583 2195 incliti

222 2210 389 2245 Pontificis
414 2210 591 2251 Ambrosii,

223 2260 320 2294 Cuius
346 2259 447 2293 verbo
472 2257 672 2291 Lombardia

223 2308 358 2341 Referta
382 2308 481 2348 plena
505 2306 610 2347 gratia

222 2357 352 2390 Christo
378 2356 504 2397 cognito
530 2354 667 2387 Domino

224 2405 319 2438 Cultu
351 2406 438 2436 caret
465 2402 667 2442 nequissimo.

1053 204 1262 240 Responsoria.

859 266 889 297 1.
917 264 1019 296 Recta
1043 263 1161 295 docens
1185 261 1345 294 indirecta

963 311 1078 343 Planat
1107 308 1205 342 verbo
1227 308 1367 348 Domini,

916 359 999 391 Dum
1024 358 1217 391 Arianorum
1241 360 1330 388 secta

964 405 1058 438 Cedit
1086 413 1184 445 prece
1206 404 1329 445 populi,

917 453 1058 487 Pastoris
1082 453 1174 485 huius
1199 452 1357 492 praeclari

918 502 1011 534 Nunc
1035 508 1139 533 mores
1163 500 1336 540 placebant
1361 500 1426 532 cari

965 548 1133 581 Ecclesiae
1157 547 1344 580 catholicae.

876 622 882 628 .
912 596 1102 629 Bonitatem
1137 595 1242 635 fecisti
1279 604 1353 627 cum
1384 603 1473 627 servo

916 645 991 683 tuo,
1017 642 1178 683 Domine,
1204 642 1382 675 seeundum
1404 652 1473 675 ver-

915 691 993 723 bum
1015 694 1119 723 tuum.

858 755 864 764 ⁶
883 776 890 782 ,
915 747 1029 787 Fregit
1052 747 1104 779 hic
1134 775 1317 781 ......

963 794 1112 826 Hostium
1135 794 1355 837 pertinaciam,

916 843 1000 874 Dum
1028 842 1155 874 divinae
1179 841 1367 873 clementiae

967 889 1095 922 Cunctis
1121 889 1232 921 effudit
1254 889 1401 929 gratiam,

917 937 1095 969 Mediolani
1120 936 1317 977 gratissimus

919 985 1041 1027 Pastor,
1069 985 1140 1024 pius
1164 983 1365 1017 Ambrosius.

876 1058 884 1065 .
914 1032 956 1065 Se
989 1031 1105 1064 obtulit
1136 1032 1245 1063 vivum
1269 1032 1474 1072 sacrificium

915 1079 953 1111 in
976 1079 1108 1111 odorem
1131 1079 1314 1113 suavitatis.

885 1163 892 1169 .
919 1137 943 1169 O
970 1134 1042 1168 fons
1066 1136 1241 1167 immensae
1262 1136 1403 1175 pietatis,

914 1184 940 1216 O
967 1184 1025 1215 dos
1051 1184 1180 1216 divinae
1204 1183 1357 1224 caritatis,

915 1232 1014 1271 Quam
1039 1240 1153 1272 magno
1179 1229 1304 1271 fulgens
1330 1241 1438 1275 opere,

916 1279 998 1311 Dum
1025 1287 1183 1319 supernae
1208 1278 1418 1312 haereditatis

914 1327 1007 1359 Serto
1033 1335 1128 1359 ornas
1154 1335 1225 1358 cum
1250 1326 1352 1359 beatis

914 1374 1064 1407 Sanctum
1091 1375 1200 1407 locans
1225 1374 1440 1417 Ambrosium,

916 1421 1085 1455 Doctorem
1111 1421 1413 1462 praeclarissimum.

844 1470 881 1503 V.
911 1469 959 1501 Te
982 1478 1153 1509 precamur
1180 1470 1277 1501 corde
1300 1472 1378 1513 toto,

915 1518 1018 1550 Choro
1044 1517 1139 1558 iunge
1164 1525 1221 1549 nos
1249 1517 1364 1550 devoto

913 1565 1085 1597 Beatorum
1109 1566 1246 1597 omnium

914 1613 977 1645 Per
1001 1616 1147 1645 sanetum
1170 1613 1385 1647 Ambrosium.

1001 1718 1045 1750 111
1072 1718 1099 1750 L
1109 1728 1128 1750 a
1138 1728 1156 1750 u
1167 1719 1186 1750 (1
1196 1718 1208 1749 i
1217 1718 1235 1750 b
1246 1729 1267 1750 u
1276 1728 1301 1751 s.

1059 1793 1257 1829 Antiphonae.

880 1879 888 1886 .
916 1852 1096 1885 Thesauros
1122 1853 1328 1886 absconditos

962 1900 1131 1933 Ecclesiae
1154 1910 1195 1942 ap
1200 1904 1284 1933 eruit

914 1949 1114 1993 Ambrosius,
1143 1949 1217 1981 dum
1242 1949 1387 1982 subditos

964 1997 1015 2029 De
1038 1996 1104 2029 fide
1131 1997 1250 2030 Christi
1277 1997 1395 2031 docuit.

881 2080 888 2087 .
916 2053 1039 2086 Doctor
1062 2054 1340 2094 praeclarissimus

964 2101 1010 2135 Ut
1032 2102 1119 2134 viola
1143 2101 1293 2139 redoluit,

915 2148 1049 2181 Vineam
1074 2149 1136 2181 Dei
1162 2149 1303 2181 Sabaoth

965 2197 1092 2230 Virtute
1118 2196 1192 2229 dum
1218 2198 1366 2232 excoluit.

884 2277 892 2284 .
918 2253 1134 2294 Augustinum
1158 2254 1343 2294 pontificem

963 2301 1154 2334 Ambrosius
1179 2303 1345 2343 redarguit

917 2350 1141 2391 virtutumque
1166 2350 1311 2391 opificem

962 2398 1065 2440 Fecit,
1094 2399 1169 2431 <lum
1193 2401 1288 2432 undis
1314 2402 1425 2438 abluit,
