1653 2567
723 171 767 176 —
817 149 979 185 224-

272 246 390 286 Aquila
417 246 568 277 divinitus
593 246 736 278 exhibuit
893 246 926 279 4.
950 245 1142 277 Benedictus
1167 253 1272 276 rerum

274 293 411 325 Cunctos
437 301 541 324 secum
569 297 677 325 euntes
694 293 825 335 refecit;
953 292 1097 325 Omnium
1122 292 1287 332 Dominus,

204 340 239 374 V.
271 340 314 373 Ut
339 340 495 381 quondam
522 342 609 372 corvi
953 340 1013 379 Qui
1037 340 1128 372 nobis
1154 340 1387 371 sanctissimum

267 388 393 420 Heliam
417 396 535 426 pavere
559 388 697 420 ministri
952 387 1209 420 Praedestinavit
1234 389 1370 419 tutorem

272 435 326 467 Sic
349 434 416 467 avis
442 435 549 474 aquila
574 443 643 466 cum
668 435 766 475 pisce.
953 435 1189 468 Corbinianum.

213 521 244 552 3.
270 519 440 560 Pontifices
469 520 643 551 Romanae
674 520 823 553 ecclesiae
894 521 924 553 5.
952 520 1107 552 Precibus
1131 520 1263 552 intentis

264 567 401 607 pedibus
439 564 590 606 Gregorii
617 567 819 611 provolutus,
949 567 1122 599 Humiliter
1145 568 1230 599 hunc
1254 568 1472 608 imploremus,

270 614 322 646 cui
354 613 452 653 flebili
476 622 547 645 voce
570 613 677 645 ‘multa
700 624 819 646 narra-
952 615 994 648 Ut
1020 617 1131 646 contra
1155 617 1284 647 cunctos

267 661 313 692 vit
346 664 373 692 et
406 660 544 699 qualiter
574 661 670 693 humus
698 662 821 694 saeculi
947 662 1151 693 Inimicorum
1176 662 1322 694 incursus

267 708 414 747 fluetibus
460 709 488 738 et
529 708 702 741 honoribus
744 712 821 741 esset
948 708 1049 741 Nobis
1073 709 1115 740 sit
1141 713 1245 741 custos
1270 711 1457 743 tutissimus

267 763 463 795 compressus
471 765 481 793 ,-

198 802 236 833 V.
264 801 432 843 Narravit,
451 802 537 841 quod
550 812 608 834 ‘nec
623 803 713 834 ‘muri
728 803 817 835 clau·
1060 812 1104 839 Ad
1123 813 1310 841 Benedictus.

266 850 327 881 stri
354 848 624 888 tranquillitatem
647 853 820 890 praestare
875 868 915 901 A·
946 869 1136 901 Beatissime

260 897 452 937 potuissent,
471 899 499 928 et
515 900 674 936 quantum
686 898 816 930 divitias
946 917 1079 949 praesul
1109 917 1312 959 CorbipianQ

267 943 384 975 ‘mundi
408 944 607 983 formidaret.
945 963 1071 996 Meritis
1098 967 1130 996 et
1155 966 1325 998 virtutibus

945 1012 1110 1051 Apostolis
1136 1017 1347 1056 comparatus,

944 1058 1045 1090 Nobis
1070 1061 1293 1099 peccatoribus

358 1114 376 1146 J
384 1123 404 1144 n
430 1113 457 1144 L
465 1123 484 1145 a
492 1123 513 1145 u
523 1114 543 1146 d
552 1114 564 1145 1
573 1114 592 1146 b
602 1124 623 1146 u
632 1124 657 1147 S,
941 1106 1186 1140 Absolutionem
1213 1108 1376 1148 culparum

945 1153 1120 1193 Impetrato
1145 1155 1316 1195 propitius,

420 1216 612 1252 Antiphonae.

210 1302 239 1335 1.
265 1302 382 1334 Beatus
409 1301 616 1334 Gorbinianus
1015 1295 1058 1326 111
1088 1297 1119 1328 2.
1144 1297 1364 1337 vesperis.

267 1349 359 1381 Hanc
382 1349 444 1380 sibi
469 1351 576 1382 sedem
603 1351 697 1391 elegit

266 1397 311 1428 Et
331 1396 452 1436 primus
478 1398 609 1429 eandem
1064 1399 1110 1426 Ad
1130 1400 1311 1437 Magnificat.

265 1443 444 1483 Episcopus
469 1445 714 1478 administravit.
873 1477 903 1507 A
945 1476 970 1508 O
996 1475 1123 1508 beatum
1149 1480 1181 1509 et
1205 1479 1376 1519 gloriosum

208 1529 238 1560 2.
268 1527 376 1561 Crevit
401 1528 495 1560 decus
521 1532 552 1561 et
575 1531 676 1562 honor
700 1531 771 1572 viri,
941 1523 1128 1555 Antisfflem
1156 1525 1393 1569 corbinianum‚

266 1575 407 1607 Dilectus
433 1579 481 1607 est
504 1576 544 1608 ab
570 1578 713 1610 omnibus
944 1570 1004 1610 Qui
1028 1569 1106 1603 fl01'ss
1131 1573 1239 1604 meriti

265 1622 396 1662 Imperii
418 1624 627 1664 principibus.
942 1617 988 1650 Et
1014 1619 1202 1652 documento
1228 1619 1304 1653 fidei

945 1664 1094 1697 Sanctam

208 1708 239 1741 3.
265 1707 398 1740 Sanctus
423 1708 484 1739 Dei
509 1708 645 1741 famulus
942 1712 1125 1746 Illustravit
1153 1716 1330 1761 ecclesiam,

265 1754 439 1794 Impetrato
466 1757 596 1788 caelitus
942 1759 1123 1800 Precamur,

264 1801 478 1833 Medicamine
505 1804 674 1835 multorum
945 1807 993 1840 Ut
1017 1808 1083 1839 suis
1108 1810 1258 1848 precibus

265 1847 456 1880 Debilitatos
480 1850 600 1882 viribus
945 1853 1135 1887 Liberemur

265 1895 409 1928 Adauxit
431 1897 602 1935 prioribus.
944 1901 975 1932 A
997 1903 1115 1934 nostris
1135 1904 1330 1938 criminibus.

270 1998 355 2026 Brev.
381 2007 433 2026 ms.
459 2000 601 2037 Plagense
626 2004 697 2029 anni
722 2000 803 2030 1499.
852 2002 921 2030 God.
948 2003 1069 2039 Plagen.
1098 2014 1119 2032 s.
1145 2015 1174 2033 n.
1199 2006 1233 2033 A.
1269 2023 1305 2027 —
1337 2009 1422 2037 Brev.
1450 2020 1504 2039 ms,

196 2034 370 2065 Secoviense
398 2046 473 2065 saec.
496 2037 540 2066 15.
583 2039 652 2067 Cod.
678 2040 816 2068 Graecen.
840 2039 921 2069 1548.
941 2042 975 2068 B.
1011 2057 1046 2061 ——
1079 2043 1164 2071 Brev.
1192 2053 1245 2072 ms.
1265 2045 1506 2084 Ebersbefgense

196 2081 270 2100 saec.
293 2073 336 2102 15.
377 2075 449 2102 Clm.
469 2077 621 2105 Monaeen.
648 2076 731 2105 5972.
756 2078 786 2106 Ο.
819 2094 853 2098 -
884 2080 970 2106 Brev.
991 2088 1044 2107 ms.
1065 2081 1224 2110 Diessense
1252 2092 1327 2112 saec.
1345 2084 1389 2113 15.
1430 2087 1504 2116 Olm.

196 2111 347 2140 Mouacen.
374 2111 456 2140 5677.
482 2115 518 2142 D.
555 2131 587 2135 —
625 2117 709 2143 Brev.
742 2125 795 2144 ms.
828 2118 1017 2152 Frisingense
1044 2127 1119 2147 saec.
1149 2119 1193 2149 15.
1241 2122 1314 2151 Olm.
1348 2124 1503 2154 Monacen.

197 2147 231 2192 19
240 2147 303 2177 283.
323 2151 359 2178 Ε.
381 2165 415 2170 —-
435 2152 520 2180 Brev.
538 2154 726 2190 Frisingense
745 2156 815 2191 imp.
829 2156 980 2192 Augustae
1002 2154 1084 2184 1491.
1104 2158 1137 2185 F.
1158 2173 1195 2178 —-
1215 2160 1300 2188 BreV.
1314 2162 1507 2199 Frisingense

195 2195 263 2222 imp.
290 2189 421 2217 Venefiis
449 2188 530 2218 1516.
556 2192 590 2220 G.
619 2207 655 2210 —
682 2193 766 2220 Brev.
790 2194 969 2221 Pataviense
994 2196 1064 2231 imp.
1085 2196 1218 2226 Venetiis
1241 2197 1323 2227 1508.
1344 2201 1384 2228 Η.
1404 2216 1442 2220 —
1461 2203 1505 2230 In

196 2223 220 2251 1.
241 2226 329 2262 Vesp.
350 2227 387 2255 ad
406 2228 504 2265 Magn.
526 2227 557 2263 Α,
579 2228 596 2257 6
617 2230 654 2257 ad
673 2230 747 2258 fehlt
766 2232 831 2259 AH.
853 2246 889 2251 —
907 2232 948 2259 In
969 2230 993 2259 1.
1014 2233 1117 2261 Noct.
1138 2233 1161 2261 Α
1184 2234 1208 2270 1,
1227 2235 1242 2264 1
1266 2237 1364 2274 Supra
1375 2243 1504 2269 montem

194 2263 227 2290 B.
252 2278 290 2283 —
323 2263 345 2291 A
374 2263 400 2298 2,
420 2264 440 2293 4
459 2268 568 2295 serviet
585 2268 620 2295 A.
646 2283 683 2287 -—
719 2267 739 2295 Β
769 2268 793 2304 1,
818 2268 832 2297 1
853 2270 1057 2299 Waltheehizo
1078 2273 1111 2300 B.
1139 2288 1173 2292 —
1207 2272 1227 2300 Β
1249 2273 1275 2310 2,
1298 2274 1314 2303 9
1336 2276 1503 2307 divinorum

194 2301 232 2327 H.
259 2316 293 2320 —
319 2303 361 2330 In
380 2301 407 2331 2.
427 2305 530 2332 Noct.
557 2304 577 2332 Β
598 2304 624 2340 2,
646 2304 663 2334 3
688 2308 768 2335 mula
787 2309 851 2336 BH.
877 2323 914 2327 —-
943 2306 964 2334 Β
985 2307 1012 2343 2,
1033 2307 1049 2337 9
1069 2310 1118 2337 Ex
1138 2312 1226 2340 odore
1245 2314 1309 2342 BH.
1338 2331 1375 2336 —
1397 2314 1417 2342 R
1438 2315 1504 2351 3,1

194 2338 328 2374 Gagatha
338 2342 370 2369 B.
385 2356 420 2360 —
437 2343 534 2370 Hiezu
548 2344 595 2372 die
608 2344 760 2380 Hymnen:
776 2346 821 2374 Ad
834 2347 937 2383 Vesp.:
956 2348 1027 2384 Ave,
1042 2351 1143 2382 pastor
1156 2349 1233 2379 bone
1247 2350 1344 2387 (Anal.
1358 2354 1410 2389 IV,
1426 2354 1503 2392 123)-

193 2376 230 2403 ad
249 2378 333 2406 Noct.
352 2380 434 2407 Hora
454 2383 605 2417 matutina,
627 2383 741 2411 Divisio
762 2384 812 2412 des
832 2386 955 2421 vorigen
973 2384 1070 2421 (Anal.
1090 2387 1134 2415 IV
1152 2388 1172 2415 1.
1193 2387 1236 2425 c.).
1498 2378 1504 2392 ⁷
