1653 2567
656 127 914 162 —248-

203 230 261 263 Eis
288 239 319 261 es
344 229 377 260 in
403 226 521 268 requie,

250 278 294 308 eis
317 276 350 308 in
374 273 568 313 umbraculo,

206 324 253 356 Tu
280 332 331 356 eos
356 321 494 354 inebrias

253 370 424 410 voluptatis
448 368 572 409 poculo.

154 440 186 472 2.
212 436 354 477 Domine,
381 436 413 466 in
438 433 555 466 virtute

253 487 308 515 tua
332 482 381 514 vir
405 482 552 517 laetatur,

208 531 267 568 Qui
294 531 365 562 dum
390 529 495 560 adhuc
520 527 649 565 viveret,

251 578 283 608 in
309 580 341 608 te
365 574 553 614 laetabatur,

203 624 262 657 Cui
285 623 395 656 mundi
417 622 544 654 laetitia·

253 671 332 703 nihil
358 670 535 701 videbatur.

150 760 180 771 ι.
207 736 335 769 Domini
359 737 433 766 sunt
456 735 570 774 omnia,

256 785 385 820 caelum,
410 787 505 823 terra,
532 788 628 821 mare,

206 832 265 870 Qui
291 832 403 862 cuncta
429 830 468 861 de
492 829 590 860 nihilo

252 877 355 918 potuit
380 884 496 914 creare,

207 926 266 964 Qui
293 925 419 957 dissona
444 923 587 955 consonis

253 971 352 1004 voluit
377 972 484 1010 ligare.

176 1065 183 1072 .
208 1036 334 1070 Exaudi
359 1046 427 1076 nos,
450 1035 594 1074 Domine,

255 1086 417 1124 protector
442 1091 559 1122 eorum,

209 1132 270 1170 Qui
293 1134 326 1163 te
351 1131 467 1171 colunt,
493 1129 690 1169 praedicant,

257 1187 310 1210 cor
336 1180 367 1208 et
392 1186 505 1217 corpus
530 1185 660 1216 quorum

213 1224 407 1257 Confitentur
432 1232 527 1264 opere

258 1275 290 1303 te
313 1271 414 1304 Deum
441 1272 582 1303 deorum.

180 1365 187 1372 .
214 1337 259 1368 Te
285 1338 374 1369 decet
399 1337 467 1368 laus

255 1384 355 1416 honor
380 1388 411 1415 et
430 1383 542 1424 gloria,

213 1431 270 1463 Cui
293 1432 362 1462 iure

259 1478 413 1510 debentur
438 1478 551 1520 omnia,

213 1525 306 1557 Cuius
331 1527 408 1556 nutu

259 1572 372 1605 vivunt
395 1572 552 1605 mortalia.

181 1665 187 1671 .
214 1638 335 1669 Bonum
360 1641 408 1669 est
431 1637 569 1671 fideliter

259 1686 317 1716 tibi
344 1684 495 1728 confiteri,

207 1732 265 1765 Cui
289 1733 341 1764 lex
367 1735 415 1763 est
438 1741 579 1776 parcere,

255 1780 303 1811 ius
329 1781 378 1810 est
401 1780 553 1823 misereri,

212 1826 324 1858 Nescis
348 1826 465 1858 malum
489 1826 594 1866 hodic,

261 1873 344 1913 quod
370 1872 488 1905 factum
514 1877 561 1905 est
585 1873 664 1907 heri.

347 1956 552 1994 Responsoria.

180 2037 187 2044 .
216 2013 330 2046 Latere
353 2023 415 2046 non
440 2017 566 2055 poterat

258 2061 414 2093 Virtutum
421 2094 429 2103 ,
437 2063 576 2106 lucerna,

214 2108 300 2146 Quae
323 2117 475 2141 succensa
498 2108 605 2142 fuerat

256 2157 287 2187 A
310 2157 381 2188 luce
405 2165 552 2197 superna,

213 2201 335 2235 Clamat
359 2210 465 2243 gestus
489 2204 636 2248 hominiS‚

216 2250 304 2289 Quod
329 2251 385 2283 sub
409 2252 461 2283 ala
484 2253 620 2284 numinis

259 2297 394 2330 Lateant
422 2300 566 2340 interna,

174 2370 180 2377 .
213 2344 262 2376 Ne
288 2354 355 2377 cum
380 2346 464 2379 Dina
490 2351 731 2388 corrumpantur

262 2392 468 2426 Sichimorum
495 2397 626 2436 macula,

811 1045 850 1078 V.

824 1150 855 1181 4.

882 221 999 253 Sensus
1023 227 1133 251 omnas
1157 217 1355 257 castigantur

933 267 1128 307 Disciplinae
1153 264 1266 297 ferula,

885 324 950 358 Sub
976 323 1069 356 nodis
1096 322 1193 355 cilicii

884 373 1007 412 Corpus
1034 379 1150 410 expers
1176 370 1247 401 vitii

927 420 1043 452 Domat
1068 419 1117 450 vir
1143 417 1263 456 beatus,

884 467 977 508 Viget
1002 466 1036 497 in
1059 464 1185 507 vigiliis,

884 513 1068 555 Pinguescit
1091 512 1220 545 ieiuniis

928 561 1014 602 Iugis
1042 560 1209 601 cruciatus,

882 609 924 641 Se
948 610 995 640 sui
1022 607 1204 639 carnificem

883 658 967 688 Ante
991 663 1146 687 summum
1171 653 1310 685 iudicem

931 702 1031 736 Offert
1054 705 1244 734 maceratus,

885 760 1080 792 Sublimatus
1104 759 1139 790 in
1162 760 1325 797 pastorem

933 807 1031 840 Urbis
1063 805 1255 839 Cantuariae

880 855 966 887 Onus
992 854 1084 894 gerit,
1110 861 1172 885 non
1199 853 1362 894 honorem,

931 902 979 935 Ut
1004 899 1177 933 Cherubim
1202 899 1323 939 gloriae

881 949 958 981 Plus
982 948 1118 989 ignescit
1141 947 1174 978 in
1201 955 1348 987 saporem

929 996 1048 1029 Gustus
1073 994 1258 1035 sapientiae,

879 1044 985 1076 Maior
1010 1042 1113 1074 factus
1140 1042 1180 1073 de
1202 1042 1335 1082 minore,

883 1091 989 1123 Minor
1013 1093 1121 1122 manet
1144 1089 1176 1120 in
1200 1089 1331 1123 maiore.

883 1147 945 1179 Cor
969 1147 1134 1179 Edmundi
1158 1150 1365 1186 purpuratur,

883 1195 965 1226 Dum
993 1194 1114 1226 cruoris
1140 1195 1335 1225 memoratur

934 1241 1054 1273 Christi
1079 1241 1253 1280 morientis,

885 1288 1009 1321 Candet
1032 1288 1146 1327 byssus
1173 1288 1340 1327 castitatis,

886 1336 989 1368 Rubet
1016 1343 1127 1367 coccus
1154 1335 1297 1366 caritatis

931 1383 1041 1415 Aaron
1068 1382 1282 1421 vestimentis,

848 1458 855 1464 .
883 1430 1046 1462 lacinthus
1070 1429 1224 1461 intexitur

933 1481 1092 1517 tamquam
1118 1485 1213 1511 verus
1239 1478 1339 1517 testis,

886 1524 977 1563 Quod
1000 1524 1190 1558 Edmundus
1217 1525 1295 1557 civis
1320 1525 1363 1557 sit

934 1572 1060 1612 patriae
1086 1572 1243 1605 caelestis.

948 1715 994 1747 In
1022 1716 1053 1748 3.
1079 1714 1310 1748 Nocturno.

1026 1788 1071 1816 Ad
1093 1789 1224 1817 Cantica.

890 1855 1022 1887 Cantica
1044 1856 1188 1889 laetitiae

932 1902 1018 1935 Caeli
1044 1913 1113 1935 cum
1139 1904 1341 1945 principibus

888 1949 941 1981 Sic
965 1950 1137 1990 psallamus
1162 1951 1258 1984 hodie

936 1997 1103 2030 Coniuncti
1123 1999 1345 2041 psallentibus,

888 2044 934 2077 Ut
955 2053 1049 2077 voces
1076 2047 1266 2079 concordiae

936 2093 1138 2126 Concordent
1163 2095 1365 2128 caelestibus.

1026 2188 1233 2224 Responsoria.

855 2282 862 2289 .
890 2254 997 2287 Plebis
1022 2256 1147 2294 pondus
1173 2257 1308 2290 sustinet

935 2312 1031 2343 super
1054 2303 1220 2345 humerali,

889 2351 976 2383 Iuste
1000 2350 1097 2383 iudex
1121 2352 1244 2384 iudicat

938 2399 972 2430 in
996 2399 1157 2439 rationali,
