1653 2567
743 139 1000 175 -275—

345 233 392 265 In
419 236 451 268 3.
478 235 711 270 Nocturno.

423 310 624 347 Antiphonae.

224 367 255 399 1.
282 367 406 399 Terrae
430 372 518 401 motu
545 371 725 404 concutitur

332 415 432 448 Urbis
455 418 658 458 universitas,

279 462 345 495 Sed
370 465 419 495 tot
442 465 542 505 signis
568 466 712 498 abutitur

331 511 476 551 Tyranni
498 514 707 553 perversitas.

249 611 257 619 .
283 586 460 620 Ascribens
486 590 550 621 arti
573 591 726 631 magicae,

327 634 400 667 Non
426 637 489 668 arti
514 637 656 678 deificae,

279 682 367 721 Quae
391 681 473 716 fiunt
496 685 631 718 mirifice

326 731 365 763 In
391 736 502 765 sancto
528 732 690 772 pontifice,

246 834 252 840 .
280 807 380 846 Quem
405 808 547 840 vinctum
572 809 606 842 in
632 819 762 843 carcere

278 854 398 895 Magno
423 855 505 889 ferri
528 859 673 896 pondere

325 902 451 936 Eduxit
474 913 533 944 per
559 906 706 946 angelum

328 949 474 983 Christus
503 952 655 985 dilectum
673 952 839 987 famulum.

422 1056 633 1092 Responsoria.

249 1159 256 1165 .
281 1131 362 1164 Mox
387 1132 430 1165 ad
455 1133 567 1166 urbem
592 1133 767 1167 Lucridam

331 1179 471 1213 Caelitus
496 1182 634 1222 delatus,

279 1227 387 1259 Plebis
414 1229 454 1261 ad
481 1238 570 1269 spem
595 1230 738 1262 lucidam

326 1276 411 1308 Puer
436 1277 619 1318 suscitatus,

278 1322 398 1355 Gentes
423 1327 555 1365 stupent
580 1328 612 1357 et
636 1326 803 1365 mirantur,

278 1371 398 1410 Quater
424 1373 507 1405 dena
531 1373 621 1405 milia

284 1418 437 1461 Credunt,
464 1421 680 1464 baptizantur,

237 1492 243 1499 .
275 1466 397 1498 Probat
420 1469 520 1509 signis
547 1472 579 1500 et
605 1469 758 1501 doctrinis

283 1514 405 1547 Christi
429 1515 527 1549 fidem
552 1517 683 1557 praesul
706 1517 803 1550 idem.

244 1617 250 1624 .
282 1590 361 1623 Cum
386 1593 532 1625 audisset
555 1593 706 1625 turbidus

326 1639 398 1672 Hoc
422 1641 649 1682 Maximianus,

277 1688 316 1720 In
341 1688 511 1721 Erasmum
536 1689 669 1721 rabidus

324 1736 437 1769 Hostis
461 1737 551 1769 misit
572 1746 694 1777 manus,

277 1784 424 1817 Diversis
450 1785 619 1826 suppliciis

326 1832 469 1872 Torquet
493 1834 579 1865 hunc
603 1842 747 1876 vesanus,

238 1908 245 1915 .
281 1881 439 1914 Occidens
467 1882 507 1914 de
532 1880 657 1913 familia

280 1928 401 1962 Christi
426 1933 476 1962 ter
503 1930 586 1962 dena
610 1930 707 1963 milia.

243 2034 251 2042 .
279 2007 304 2040 Ο
330 2008 443 2047 pastor
469 2008 607 2049 egregie,

323 2055 447 2088 Doctor
471 2057 563 2100 legis,
591 2064 705 2097 agmen
730 2055 814 2096 regis

275 2103 372 2135 Miles
399 2107 431 2135 et
455 2105 599 2145 militiae,

325 2151 446 2184 Christi
470 2151 607 2194 signifer
632 2151 740 2184 fidelis

277 2200 479 2234 Caelestibus
504 2210 562 2233 nos
587 2199 711 2232 civibus

325 2248 420 2289 Iungi
445 2249 498 2282 fac
521 2250 556 2281 in
583 2248 691 2281 caelis.

231 2323 240 2330 .
272 2297 399 2330 Memor
425 2301 492 2330 esto
518 2305 696 2338 pauperum

322 2346 463 2379 Paterna
489 2344 669 2386 clementia,

272 2393 318 2426 Ut
342 2396 470 2426 tuorum
496 2403 628 2435 operum

324 2441 469 2475 Probant
495 2441 661 2475 beneficia.

1066 238 1113 271 In
1137 238 1371 272 Laudibus

1119 324 1318 361 Antiphonae.

916 391 947 425 1.
974 390 1058 423 Dum
1085 391 1171 425 Iovis
1197 393 1402 425 simulacrum

1022 439 1178 472 Erasmus
1204 441 1329 479 evertit,

973 486 1027 518 Ad
1053 487 1205 526 baptismi
1230 489 1392 521 lavacrum

1019 535 1178 568 Plurimos
1205 536 1375 570 convertit.

915 620 946 651 2.
976 619 1076 651 Novis
1101 620 1187 654 hunc
1211 622 1378 661 suppliciis

1019 667 1188 708 Tyrannus
1212 669 1339 713 invasit,

977 715 1108 755 Martyr
1131 716 1295 749 maleficiis

1025 763 1169 797 Invictus
1192 766 1304 799 evasit.

919 850 951 883 3.
976 848 1072 881 Hunc
1095 849 1198 891 ignita
1222 851 1330 883 tunica

1022 897 1129 930 Aerea
1153 899 1293 942 vestivit,

974 943 1038 976 Sed
1064 945 1182 977 virtute
1208 947 1328 978 caelica

1020 991 1168 1026 Flamma
1193 994 1256 1026 vim
1282 994 1428 1026 nescivit.

913 1078 946 1110 4.
973 1077 1044 1119 Pix,
1070 1079 1187 1119 resina,
1215 1088 1298 1120 cera,
1327 1082 1473 1120 stagnum

1018 1125 1124 1165 Ignito
1151 1135 1221 1158 cuni
1247 1127 1316 1158 oleo

970 1171 1188 1213 Refrigerium
1215 1174 1293 1206 dant
1315 1184 1474 1215 magnum,

1020 1220 1093 1252 Non
1118 1224 1240 1254 aestum
1265 1222 1298 1254 in
1326 1223 1421 1255 dolio.

914 1307 944 1338 5.
974 1305 1142 1338 Clauditur
1170 1308 1332 1347 ergastulo

1018 1353 1164 1386 Tandem
1187 1356 1237 1387 vir
1258 1354 1375 1396 fidelis,

972 1400 1115 1434 Solvitur
1141 1412 1160 1434 a
1184 1403 1312 1435 vinculo

1020 1449 1146 1482 Virtute
1172 1451 1213 1483 de
1235 1451 1344 1484 caeliS.

1088 1543 1134 1572 Ad
1155 1545 1344 1573 Benedictus.

897 1612 938 1646 A.
964 1611 1037 1643 Hoc
1062 1611 1191 1653 dignum
1215 1613 1249 1644 in
1274 1613 1449 1654 miraculis,

970 1659 1060 1699 Quod
1087 1659 1135 1692 bis
1163 1663 1291 1703 ereptus
1316 1662 1452 1694 vinculis

1019 1707 1152 1741 Cursum
1177 1719 1241 1741 non
1268 1710 1419 1753 explevit,

967 1755 1032 1788 Sed
1059 1756 1172 1789 ductus
1197 1757 1231 1789 in
1259 1758 1465 1798 Campaniam

969 1804 1091 1838 Urbem
1117 1805 1200 1838 adiit
1223 1806 1430 1839 Formianam

968 1852 1131 1885 Evocatus
1158 1854 1291 1886 caelitus

968 1900 1048 1933 Eius
1069 1903 1212 1942 gaudens
1239 1902 1374 1942 spiritus

1016 1949 1055 1981 In
1077 1958 1158 1989 pace
1183 1950 1313 1991 quievit.

1036 2092 1084 2125 In
1110 2096 1141 2127 2.
1168 2094 1393 2134 Vesperis.

1085 2177 1132 2206 Ad
1150 2178 1333 2215 Magnificat.

896 2248 937 2280 A.
970 2247 995 2280 Ο
1021 2247 1151 2279 beatum
1174 2246 1372 2288 pontificem,

968 2295 1133 2328 Virtutum
1159 2295 1317 2336 opificem,

970 2345 1037 2384 Quo
1065 2344 1237 2376 daemones
1263 2343 1427 2385 fugantur,

967 2390 1095 2425 Infirmi
1122 2395 1283 2434 curantur,

968 2440 1066 2473 ldola
1092 2444 1268 2483 cassantur,

1296 2496 1354 2527 18*
