1653 2567
692 115 931 150 „21-

162 207 194 239 3.
222 206 248 240 Ο
274 211 386 239 sancta
412 208 525 240 cohors
552 212 584 241 et
603 211 780 254 praeclara,

270 254 446 287 Humiliter
473 256 684 298 deposcimus,

221 301 360 335 Nostrae
384 311 497 344 preces
522 304 660 336 Adriani

269 350 359 389 Quod
385 351 450 382 sint
471 351 600 384 iunctae
616 352 779 395 precibus,

218 397 264 430 Et
288 398 328 430 ab
353 398 454 431 hostis
480 401 546 430 tam
572 400 702 432 immani

266 446 476 487 Protegamur
500 446 634 487 lusibus,

219 492 269 525 Ne
296 494 327 525 in
356 493 442 526 orbis
468 494 562 526 huius
588 495 663 527 navi

265 540 495 582 Demergamur
520 541 680 575 fluctibus.

146 587 187 620 V.
217 589 381 622 Adiuvent
408 598 467 621 nos
492 590 608 623 merita

266 636 382 669 Vestra
406 637 568 680 perbeata,

218 684 263 717 Ut
291 694 368 725 quos
392 688 507 725 gravat
531 686 614 718 actio

264 731 385 765 Nostra
409 733 576 774 scelerata,

217 779 361 812 Excuset
385 780 572 813 intercessio

264 828 338 860 Iesu
363 828 490 862 Christo
516 831 617 870 grata,

216 874 308 913 Quod
330 876 487 908 scelerum
509 876 655 910 remissio

264 922 366 955 Nobis
392 922 449 955 fiat
475 924 560 956 data.

313 1077 358 1109 In
382 1076 611 1110 Laudibus.

359 1151 557 1187 Antiphonae.

158 1210 190 1243 1.
218 1208 406 1241 Consolatus
431 1209 471 1241 ab
498 1219 598 1242 uxore

267 1258 387 1297 gaudet
409 1256 611 1301 mirabiliter,

221 1304 354 1336 Alienus
381 1314 400 1336 a
425 1305 539 1336 timore

264 1361 359 1392 pares
383 1354 491 1383 monet
515 1351 653 1395 fortiter,

217 1398 263 1432 Ut
291 1409 351 1439 pro
376 1399 487 1440 poenis
512 1410 575 1432 non
603 1400 775 1441 desperent

263 1446 446 1488 infligendis
472 1448 624 1487 graviter.

158 1516 189 1547 2.
218 1512 441 1554 Colloquentes
466 1517 575 1547 mutuo

262 1561 309 1593 sic
338 1562 609 1602 congratulantur,

214 1608 375 1641 Salvatori
398 1608 501 1641 libere

263 1657 376 1689 laudes
400 1660 614 1696 personantur

218 1704 266 1737 Ob
290 1705 363 1746 hoc,
390 1704 475 1744 quod
502 1706 664 1738 doloribus

265 1753 363 1785 tantis
390 1752 582 1786 cruciantur.

157 1822 189 1854 3.
217 1819 296 1852 Dies
321 1821 414 1853 adest
439 1820 579 1861 interim,

263 1877 324 1908 quo
348 1868 603 1910 praeconizatur,

217 1915 264 1949 Ut
288 1916 332 1949 ad
354 1925 475 1957 poenas
500 1918 646 1958 redeant,

266 1964 328 1996 cito
355 1965 538 2007 deputatur,

216 2009 415 2052 Impotentes
442 2011 641 2054 deferuntur,

265 2069 326 2101 quo
353 2060 529 2100 nequibant
552 2061 610 2106 ire,

213 2109 267 2141 Ad
291 2109 406 2150 locum,
434 2108 490 2140 ubi
513 2110 690 2150 puniuntur

263 2157 349 2192 ultra
373 2156 504 2189 modum
531 2158 610 2193 dire.

853 213 886 245 4.
911 214 943 244 A
967 213 1061 246 beato
1084 215 1228 248 Adriano

958 269 1010 293 res
1035 261 1190 303 initiatur,

910 307 1001 347 Quod
1027 309 1136 341 uxoris
1161 308 1232 342 fieri

956 356 1139 388 interventu
1164 358 1270 398 datur,

908 403 960 435 Ne
983 402 1041 435 fiat
1065 406 1283 445 retrogradus,

955 450 1017 482 hoc
1041 452 1248 485 acceleratur.

850 506 880 539 5.
905 507 944 539 In
972 506 1120 540 conflictu
1144 510 1249 549 posito

954 555 1054 595 pedes
1079 559 1296 598 amputantur,

904 602 1054 635 Membra
1078 612 1138 636 nec
1161 614 1226 638 non
1252 608 1358 638 cetera

955 651 1019 690 ipsi
1047 651 1289 694 detruncantur,

908 696 983 730 Sola
1005 707 1117 731 manus
1141 700 1191 732 illi
1217 699 1278 732 fuit

953 754 1016 778 non
1042 749 1147 778 tamen
1172 750 1346 789 amputata,

906 793 1002 832 Quam
1030 793 1176 827 abscindi
1201 794 1325 828 fecerat

955 851 1034 874 uxor
1058 846 1262 884 praerogata.

1023 944 1069 972 Ad
1088 945 1273 974 Benedictus.

832 1002 874 1037 A.
904 1003 942 1035 In
968 1011 1069 1042 agone
1094 1004 1252 1036 cruciatus

955 1050 1029 1082 dum
1053 1050 1102 1083 sic
1122 1050 1287 1084 laboraret

905 1097 950 1129 Et
979 1097 1117 1130 creatori
1141 1099 1277 1132 animam

953 1154 1042 1178 suam
1068 1147 1313 1190 commendaret,

905 1192 1036 1225 Natalia
1061 1194 1158 1233 capiti

951 1250 1079 1273 manum
1101 1241 1247 1281 subiecit,

905 1288 943 1320 In
969 1297 1031 1329 qua
1054 1289 1241 1321 reclinando

952 1336 1037 1368 vitae
1057 1334 1153 1367 finem
1178 1335 1265 1369 fecit.

975 1479 1021 1511 In
1048 1479 1081 1513 2.
1107 1478 1216 1519 Vesp
1227 1479 1323 1512 eris,

1029 1562 1075 1591 Ad
1090 1563 1270 1600 Mag-nificat.

833 1632 873 1664 A.
901 1631 980 1663 Post
1004 1631 1084 1663 haec
1109 1631 1193 1664 hunc
1218 1641 1288 1665 cum
1314 1634 1446 1673 paribus

951 1688 1009 1711 rex
1034 1680 1170 1711 cremari
1190 1680 1298 1721 jussit,

905 1727 1098 1768 Protegente
1121 1727 1258 1760 Domino

952 1775 999 1806 nil
1024 1783 1077 1807 eos
1104 1775 1284 1820 combussit,

906 1822 971 1855 Sed
995 1824 1117 1855 retorta
1141 1823 1175 1855 in
1198 1827 1323 1857 actores

951 1869 1079 1903 flamma
1103 1871 1161 1903 hos
1186 1872 1335 1912 perussit,

904 1918 973 1958 Quo
997 1919 1094 1951 turba
1117 1920 1207 1959 regia

953 1965 1015 1998 fuit
1040 1967 1238 2008 conturbata,

906 2014 1050 2054 Corpora
1071 2015 1112 2047 ad
1140 2014 1447 2056 Constantinopolim

954 2071 1086 2102 quorum
1112 2067 1185 2095 sunt
1211 2064 1368 2096 translata

903 2110 948 2142 Et
971 2120 991 2142 a
1017 2110 1136 2143 Christi
1160 2109 1310 2144 fidelibus

951 2158 1032 2191 inibi
1055 2159 1192 2198 sepulta.

218 2253 337 2288 Antiph.
360 2261 412 2281 ms.
433 2251 462 2280 S.
483 2253 598 2281 Mariae
616 2253 782 2281 Traiecten.
810 2261 886 2281 saec.
908 2251 953 2280 14.
988 2253 1057 2281 Ood.
1078 2253 1264 2282 Ultraiectin.
1284 2252 1350 2282 407.
1370 2255 1405 2283 A.
1426 2270 1464 2275 —-

139 2290 261 2327 Antiph.
294 2300 348 2319 ms.
379 2291 410 2320 S.
440 2291 554 2320 Mariae
584 2292 749 2320 Traieoten.
788 2300 863 2319 saec.
894 2289 938 2319 13.
986 2291 1054 2320 Cod.
1081 2291 1268 2320 Ultraiectin.
1301 2291 1367 2321 406.
1397 2294 1463 2322 add.

139 2336 215 2357 saec.
245 2327 288 2357 15.
314 2330 349 2358 B.
385 2344 421 2349 -—
453 2330 495 2358 In
526 2328 551 2358 1.
579 2331 678 2359 Noct.
706 2328 728 2356 Α
757 2327 791 2364 3,
824 2328 839 2357 1
867 2329 988 2366 quidam
1012 2332 1112 2358 tamen
1137 2330 1256 2359 fuerunt
1279 2332 1345 2368 AB;
1376 2330 1408 2367 3,
1445 2331 1463 2361 3

140 2367 269 2396 solenter
288 2368 353 2405 AB;
380 2366 402 2395 R
423 2366 455 2402 3,
484 2366 503 2395 2
524 2371 619 2397 nostri
639 2369 699 2396 AB.
725 2385 763 2389 —
785 2369 831 2396 In
851 2366 879 2395 2.
898 2368 1001 2396 Noct.
1024 2367 1045 2395 R
1068 2367 1093 2403 1,
1115 2366 1133 2397 3
1154 2370 1178 2398 O
1198 2370 1273 2399 fehlt
1283 2371 1344 2399 AB.
1365 2387 1396 2391 —
1421 2372 1465 2400 In

139 2403 167 2434 3.
188 2405 289 2434 Noct.
312 2404 333 2433 R
362 2405 393 2443 2,
423 2404 456 2435 11
476 2408 543 2435 Hac
565 2407 698 2445 ergiinzt3
727 2405 747 2433 Β
769 2404 801 2443 3,
831 2405 848 2435 5
869 2415 958 2444 quam
977 2407 1038 2435 AB.
1058 2422 1095 2427 --
1115 2408 1213 2437 Hiezu
1240 2410 1291 2438 der
1310 2410 1463 2446 Hymnus:

141 2444 249 2473 Sancte
269 2447 382 2482 martyr
401 2445 533 2474 Adriane
551 2445 649 2482 (Anal.
669 2446 781 2481 XXIII,
806 2443 878 2481 104).
