1653 2567
707 127 964 164 —147—

251 222 305 254 Ire
331 221 443 254 videns
467 225 504 254 ut
530 223 709 256 columbam

252 269 348 303 Caelo
375 270 494 302 sororis
520 270 678 312 animam3

181 318 218 350 V.
249 316 394 357 Uterque
422 318 512 350 :luxit
538 319 665 360 gaudia,

251 366 350 398 Soror
374 365 472 406 caelo,
500 366 553 398 hic
577 366 610 398 in
637 368 727 399 cella.

191 424 222 456 3.
251 423 275 456 Ο
302 422 453 455 Israelita
476 432 581 464 veruS,

251 471 314 504 Cor
339 470 372 502 in
397 470 503 503 Deum
527 471 688 511 diiatatus,

252 517 311 558 Qui
335 517 423 550 infra
446 528 482 551 se
509 522 711 559 angustatam

253 566 344 598 Vidit
369 575 493 600 omnem
520 569 708 607 creaturam,

178 615 214 647 V.
248 614 344 648 Caelo
370 623 495 655 quoque
520 614 598 647 ferri
622 618 765 647 sanctam

252 662 405 695 Germani
428 671 559 695 cernens
585 663 732 695 animam.

190 722 222 755 4.
249 719 344 752 Alme
369 723 472 762 pater,
500 721 553 761 qui
578 722 741 760 praescius

250 767 312 800 Tui
341 768 459 799 sacrati
484 768 639 800 transitus

249 815 344 848 Hunc
369 815 569 856 praenotasti
594 814 760 857 fratribus,

249 864 354 895 Tuere
377 866 505 895 nostros
532 863 646 904 exitus,

180 912 218 947 V,
250 911 313 943 Per
339 914 371 942 te
397 911 509 944 ducem
536 911 747 943 clarissimum

250 958 296 993 Ut
320 963 519 991 transeamus
544 959 585 991 ad
612 959 725 991 Deum.

312 1073 359 1105 In
386 1074 415 1106 3.
443 1073 673 1106 Nocturno.

393 1148 439 1175 Ad
460 1148 593 1176 Cantica.

176 1208 216 1242 A.
248 1207 459 1240 Benedictum
485 1206 681 1247 propheticis

251 1255 506 1288 Condecoremus
535 1254 678 1294 canticis,

249 1302 309 1344 Qui
336 1305 402 1334 tam
428 1301 519 1334 fulsit
544 1302 716 1343 prophetia

251 1351 351 1391 Quam
379 1353 411 1382 et
434 1351 600 1382 doctrinae
624 1351 739 1391 gratia.

393 1426 451 1454 Res
453 1426 603 1462 ponsoria.

191 1486 220 1519 1.
249 1485 373 1518 Grandi
402 1488 497 1524 pater
520 1484 640 1517 fiducia

249 1532 357 1566 Morte
382 1533 473 1565 stetit
496 1532 648 1575 pretiosa,

250 1581 309 1621 Qui
336 1580 468 1613 elevatis
493 1579 639 1613 manibus

252 1628 363 1662 Caelos
389 1628 517 1660 scandit
544 1628 578 1660 in
603 1627 763 1667 precibus.

177 1679 215 1711 V.
248 1676 351 1718 Fecit,
382 1676 518 1720 Christe,
547 1675 631 1717 quod
656 1676 789 1717 iussisti,

249 1726 296 1758 Te
321 1727 448 1756 secutus
474 1733 532 1765 spe
555 1724 702 1764 praemii.

190 1785 224 1817 2.
251 1782 422 1815 Fratribus
447 1782 555 1814 illuxit

296 1830 508 1864 Benedictum
534 1838 615 1871 quae
638 1830 691 1862 via
708 1830 799 1862 duxit

249 1880 361 1919 Usque
387 1879 508 1911 caelum
533 1886 666 1918 surgens

297 1929 329 1958 et
353 1927 455 1959 multa
480 1926 630 1967 lampade
654 1924 790 1968 fulgens,

177 1976 212 2009 V.
245 1976 366 2016 Virque
390 1984 488 2015 super
513 1975 654 2009 candens

293 2023 415 2064 micuit,
431 2032 511 2064 quae
523 2024 565 2056 sit
574 2023 636 2065 via,
650 2023 807 2063 pandens

186 2084 217 2116 3.
243 2082 340 2122 Ecce,
366 2081 432 2113 iam
458 2081 524 2113 cari
549 2081 681 2122 noscite,

248 2131 347 2170 Quam
375 2129 462 2162 claro
488 2129 616 2162 scandit
639 2129 769 2163 tramite

246 2177 441 2211 Benedictus
467 2178 509 2210 ad
534 2178 653 2219 sidera,

246 2226 306 2267 Qui
330 2226 383 2258 hic
407 2226 538 2267 reliquit
563 2226 687 2268 omnia,

174 2276 213 2309 V.
245 2274 384 2315 Accepit
410 2283 485 2315 ergo
512 2274 695 2314 centuplum

244 2323 290 2356 Et
313 2323 412 2355 vitam
437 2323 471 2355 in
496 2325 697 2364 perpetuum.

186 2382 221 2414 4.
249 2380 372 2419 Gloria,
400 2381 539 2423 Christe,
564 2382 618 2414 tuo

294 2427 355 2460 tibi
383 2432 537 2469 personet
558 2429 593 2460 in
618 2428 806 2470 Benedicto,

944 224 1043 264 Quem
1069 224 1189 258 faciens
1215 227 1320 257 tecum

990 274 1109 305 sanctis
1131 273 1336 312 regnantibus
1355 281 1489 313 aequum

873 320 909 354 V.
941 322 1019 362 Iam,
1046 320 1159 361 quibus
1183 321 1336 362 aequasti,

992 368 1204 409 gaudentibus
1225 367 1402 400 associasti.

1032 464 1078 496 1n
1103 463 1338 497 Laudibus

1087 529 1287 565 Antiphonae.

883 578 913 612 1.
940 578 1049 611 Armis
1074 579 1277 619 praecinctus

990 635 1086 658 verae
1110 624 1186 658 fidei
1211 627 1415 668 Benedictus,

943 673 1036 705 Idola
1060 675 1134 706 dum
1159 674 1284 713 stravit,

986 722 1096 753 sedem
1116 721 1185 762 tibi,
1206 721 1341 763 Christe,
1359 721 1498 763 paravit.

882 779 913 810 2.
938 777 1023 811 Huic
1046 778 1191 818 iubilate,
1218 787 1279 818 quo
1305 781 1399 818 pater
1422 779 1485 810 iste

941 826 1005 857 Par
1018 825 1055 858 fit
1062 825 1165 862 Eliae,
1181 833 1241 865 par
1250 835 1374 866 quoque
1383 825 1499 869 Moysi,

941 872 1025 905 Dum
1044 873 1126 914 lapis
1151 873 1200 904 illi
1225 872 1356 906 flumina
1380 872 1498 914 fundit,

991 922 1112 954 Corvus
1141 921 1282 955 obaudit.

882 979 914 1010 3.
943 978 1136 1019 Quemquam
1162 987 1225 1010 non
1250 979 1354 1019 laesit,

986 1029 1060 1066 post
1076 1029 1117 1067 te,
1134 1026 1324 1066 dominator,
1343 1025 1499 1066 adhaesit,

941 1073 1049 1113 thue
1073 1073 1180 1105 David
1209 1073 1318 1117 doluit,

988 1121 1088 1152 hostis
1113 1124 1148 1152 ut
1175 1121 1333 1152 occubuit.

883 1178 913 1209 4.
941 1177 1027 1210 Laus
1059 1177 1193 1218 puerilis
1219 1178 1304 1209 hunc
1328 1178 1501 1219 benedicit,

940 1225 1000 1265 Qui
1024 1234 1196 1265 puerorum
1214 1234 1274 1265 per
1290 1226 1500 1258 Benedictum

942 1272 1085 1313 Corpora
1110 1272 1195 1304 vitae
1218 1273 1321 1305 trinus
1348 1277 1380 1306 et
1404 1283 1485 1306 unus

989 1320 1090 1353 Trina
1115 1319 1279 1352 reformat.

883 1378 913 1411 5.
941 1377 1110 1418 Tympana
1135 1377 1221 1410 laeta
1246 1378 1334 1410 chori

988 1435 1077 1458 mens
1104 1434 1243 1459 consona
1269 1427 1416 1459 concinet
1439 1427 1488 1458 ori

940 1473 991 1505 Ac
1015 1473 1187 1506 Dominum
1213 1474 1334 1515 laudet,

987 1530 1048 1561 quo
1062 1530 1174 1553 servus
1186 1521 1218 1553 in
1233 1523 1363 1554 aethere
1372 1522 1499 1563 gaudet.

1057 1587 1103 1615 Ad
1128 1587 1316 1616 Benedictus.

869 1636 910 1670 A.
941 1637 1137 1669 Benedictus
1165 1645 1208 1677 eS‚
1235 1637 1383 1678 Domine,

942 1685 1013 1725 Qui,
1039 1685 1208 1717 Benedicti
1235 1686 1360 1717 animae

940 1733 1026 1765 Dum
1054 1733 1135 1766 caeli
1161 1732 1287 1765 confers
1313 1733 1440 1775 gaudia,

942 1780 1111 1815 Glorificas
1135 1781 1231 1813 terris
1258 1782 1411 1823 membra,

938 1829 1024 1861 Dum
1049 1833 1082 1862 et
1107 1838 1216 1870 specu,
1243 1839 1303 1870 quo
1329 1830 1436 1872 latuit,

940 1878 1003 1910 Per
1032 1881 1065 1910 te
1091 1877 1192 1911 virtus
1219 1878 1357 1913 emicuit.

1009 1974 1056 2006 In
1084 1976 1115 2007 2.
1143 1973 1363 2014 Vesperis.

1059 2040 1106 2068 Ad.
1127 2040 1307 2077 Magnificat.

865 2090 906 2122 A.
940 2090 965 2123 O
993 2089 1139 2122 caelestis
1165 2099 1278 2122 norma
1302 2090 1396 2129 vitae,

940 2137 1063 2170 Doctor
1090 2139 1122 2170 et
1148 2138 1212 2170 dux
1239 2138 1426 2178 Benedicte,

940 2186 1035 2220 Cuius
1061 2195 1131 2219 cum
1160 2185 1285 2218 Christo
1311 2186 1444 2227 spiritus

941 2234 1095 2267 Exsultat
1118 2234 1152 2265 in
1179 2234 1380 2280 caelestibus,

941 2281 1088 2325 Gregem,
1116 2284 1228 2322 pastor
1253 2283 1346 2325 alme,
1373 2292 1477 2326 serva,

939 2329 1058 2363 Sancta
1082 2339 1180 2371 prece
1206 2331 1388 2376 corrobora,

937 2378 999 2412 Via
1024 2379 1130 2412 cactos
1157 2379 1354 2414 clarescente

937 2426 1005 2460 Fac
1029 2430 1063 2460 te
1084 2428 1165 2461 duce
1189 2432 1369 2470 penetrare.

1271 2484 1330 2516 10*
