1653 2567
713 96 943 131 —34-

306 196 351 228 ln
379 196 408 228 1.
436 195 666 228 Noeturno.

389 281 457 307 Anti
461 280 507 315 ph«
512 287 583 307 mae.

192 349 221 379 1.
248 349 421 387 Tamquam
445 348 564 387 lignum
589 346 786 380 fructiferum

290 397 327 427 In
359 395 490 427 caelesti
515 395 636 426 rosario

246 442 383 475 Redolet
406 442 459 473 hic
482 443 514 474 in
541 444 700 480 posterum

290 490 500 521 Romanorum
527 489 669 530 collegio.

186 565 216 596 2.
241 563 412 596 Invidebat

289 612 318 642 ei
342 611 443 649 patris
469 610 600 651 familia,

241 657 304 689 Sed
329 657 381 688 hic
405 660 538 697 propter

286 705 388 737 Deum
412 705 445 737 in
468 705 623 745 patientia

239 753 361 792 Alapas
388 755 420 783 et

286 799 404 839 probra
429 799 540 832 suffert
564 808 602 831 ac
626 801 712 842 vilia,

240 847 348 879 Sciens
373 846 474 878 Deum

287 902 375 925 suum
405 894 473 933 pati
494 893 618 926 similia.

180 970 209 1001 3.
237 969 284 1000 'l'u
311 972 476 1009 susceptor
502 977 546 1007 eS,
572 969 717 1011 Domine,

284 1016 392 1048 Sancti
417 1017 463 1048 tui
488 1017 521 1048 in
545 1017 656 1057 gloria,

238 1062 378 1095 Granum
401 1072 512 1102 purum
541 1064 581 1095 de
606 1062 762 1105 fragmine

282 1110 428 1142 Excussa
451 1111 554 1150 primo
578 1112 672 1150 palea

239 1157 343 1189 Bonus
375 1158 477 1189 cultor
500 1158 533 1189 in
559 1159 695 1190 culmine

286 1204 424 1243 Reponit
448 1208 483 1236 ut
505 1206 536 1236 in
563 1205 687 1238 horrea.

378 1298 584 1334 Responsoria.

183 1355 212 1388 1.
240 1355 372 1386 Alexius
397 1364 436 1387 ex
456 1357 568 1396 nobili,

236 1402 328 1434 Licet
354 1403 394 1434 de
418 1406 520 1435 matre
541 1404 654 1444 sterili,

284 1449 418 1481 Exstitit
440 1451 602 1492 oriundus,

239 1497 394 1535 Prosapia
419 1500 450 1529 et
474 1498 562 1538 vigili

239 1543 322 1575 Cura
344 1544 470 1584 vitaque
497 1546 611 1577 caelibi

284 1591 432 1623 Nutritur
456 1592 693 1635 informandus3

168 1634 209 1670 V.
245 1638 288 1670 Ut
313 1639 438 1671 Samuel
461 1640 640 1678 postulatur

236 1685 367 1716 Alexius
392 1694 430 1717 ac
456 1687 590 1718 donatur

282 1733 312 1763 A
338 1731 406 1764 Deo
432 1734 528 1765 matri
552 1732 661 1768 flebili.

177 1808 206 1838 2.
238 1806 362 1839 Gaudet
387 1817 502 1847 parens
530 1810 570 1841 de
595 1809 660 1843 filio

235 1854 385 1897 Uterque,
412 1865 503 1895 quem
529 1866 601 1889 mox
626 1860 731 1891 studio

282 1902 427 1934 Tradunt
448 1904 582 1947 liberali,

236 1949 417 1982 Pneumatis
443 1952 544 1983 sancti
567 1954 671 1992 gratia

234 1996 338 2029 Datur
358 1997 408 2028 illi
433 1999 566 2031 scientia

284 2045 360 2076 Viro
384 2046 456 2084 plus
482 2055 574 2086 quam
600 2057 619 2079 a
642 2049 778 2082 mortali.

163 2091 201 2123 V.
234 2091 287 2123 Sic
312 2092 443 2133 spiritus
468 2094 523 2126 ubi
547 2099 665 2136 manat,

236 2139 314 2171 Mox
338 2139 471 2173 libertas
497 2141 563 2173 alta
586 2143 697 2182 planat

282 2187 413 2226 Absque
439 2198 515 2221 voce
537 2191 722 2230 magistrali.

176 2262 206 2293 3.
236 2262 318 2294 Hinc
345 2268 529 2302 provectum
557 2266 667 2298 dicunt
691 2268 739 2300 sui

232 2309 438 2343 Tradendum
462 2321 532 2345 esse
556 2316 669 2354 nuptui

282 2357 369 2389 Sicut
397 2359 487 2392 decet
512 2370 568 2393 suo
592 2363 675 2405 pari,

927 188 992 222 Sed
1018 191 1045 222 si
1070 190 1219 229 iungatur
1242 190 1374 229 nuptiis,

929 239 1041 271 Carnis
1067 241 1172 269 tamen
1198 234 1314 267 officiis

975 286 1017 318 Se
1046 284 1176 318 nolebat
1199 282 1387 322 mancipari,

857 336 893 366 V.
925 333 1015 365 Sicut
1038 332 1114 365 nubi
1138 340 1199 362 nec
1222 328 1343 361 nubere

924 381 1104 421 Angelique
1129 379 1286 410 adsistere

975 428 1037 461 Suo
1062 427 1174 461 volunt.
1197 424 1341 459 salutari.

986 571 1032 603 In
1060 573 1091 603 2.
1118 569 1349 601 Nooturno.

1074 663 1270 698 Antiphonae.

863 732 892 763 1.
921 730 1117 763 Sacrificium
1143 731 1287 763 iustitiae

968 778 1052 822 Tibi,
1083 777 1182 817 Deus,
1208 778 1335 816 obtulit,

921 826 1053 865 Quando
1062 829 1223 864 tamquam
1231 825 1349 865 pellem
1357 825 1482 857 hostiae

969 870 1136 913 Superflua
1160 874 1289 913 repulit.

862 940 893 970 2.
919 938 972 970 Ad
999 941 1030 969 te
1056 938 1178 977 orabat,
1204 939 1350 978 Domine,

968 985 1031 1017 Hie
1054 986 1167 1018 beatus
1193 986 1327 1018 Alexius

919 1031 964 1063 Et
986 1033 1019 1063 in
1046 1037 1100 1064 tua
1126 1033 1296 1065 dulcedine

966 1079 1149 1113 Exauditur
1176 1081 1316 1113 uberiuS.

862 1146 892 1177 3.
918 1144 1063 1188 Domine,
1091 1155 1185 1185 quam
1211 1147 1369 1179 mirabilis

920 1193 958 1224 In
984 1194 1103 1225 sanctis
1129 1196 1161 1224 et
1185 1194 1368 1235 laudabilis,

968 1240 1032 1272 Sed
1058 1244 1164 1272 tamen
1188 1241 1222 1273 in
1246 1242 1373 1282 Alexio,

919 1287 1017 1326 Quem
1035 1288 1236 1328 praeclarum
1254 1292 1302 1322 tot
1315 1290 1476 1331 signorum

919 1334 1042 1366 Reddis
1070 1336 1192 1367 cunctis
1219 1340 1250 1368 et
1277 1337 1438 1380 decorum,

966 1381 1087 1415 Nostra
1110 1384 1216 1415 tendit,
1242 1385 1380 1420 devotio.

1055 1477 1262 1512 Responsoria.

859 1542 891 1576 1.
917 1542 1032 1582 Spreto
1061 1552 1147 1576 nexu
1171 1547 1329 1587 coniugali

918 1590 1138 1632 Comitatuque
1162 1594 1304 1634 pompali

963 1638 1027 1669 Hic
1051 1640 1093 1671 ad
1118 1639 1267 1673 Edissam
1294 1641 1407 1682 Syriae

916 1684 1044 1728 Tendit,
1074 1689 1110 1718 ut
1133 1696 1223 1719 mens
1249 1690 1316 1721 eius
1341 1693 1410 1722 tota

917 1731 1043 1765 Christo
1071 1734 1202 1766 daretur
1225 1740 1350 1769 remota

964 1779 1082 1811 Cameli
1106 1781 1285 1823 superficie,

845 1825 882 1858 V.
912 1826 964 1857 Ab
991 1828 1136 1859 omnibus
1162 1829 1323 1862 abstinere

916 1872 957 1904 Se
982 1875 1110 1907 volebat
1136 1879 1168 1907 et
1192 1877 1312 1910 habere

963 1921 1049 1953 Illud
1073 1923 1219 1955 bravium
1243 1926 1375 1965 gloriae.

858 1988 888 2018 2.
915 1987 1104 2020 Aemulator
1127 1991 1328 2029 paupertatis

915 2035 954 2066 In
980 2035 1091 2067 habitu
1116 2037 1249 2070 vilitatis

963 2083 993 2114 A
1018 2083 1083 2115 suis
1110 2084 1185 2116 dum
1208 2086 1393 2131 requiritur,

916 2130 954 2161 In
979 2130 1114 2162 alterum
1136 2132 1202 2164 iam
1226 2137 1365 2167 mutatus

917 2176 1027 2209 Virum
1053 2182 1085 2210 et
1108 2179 1265 2214 alienatus

963 2225 1093 2258 Penitus
1118 2236 1182 2258 non
1208 2231 1407 2272 agnoscitur3

845 2273 883 2304 V.
914 2271 973 2310 Qui
998 2276 1072 2305 sunt
1097 2274 1173 2314 eius,
1201 2276 1346 2310 Christus
1372 2284 1470 2324 novit,

915 2319 1056 2352 Mundus
1081 2325 1186 2355 autem
1211 2335 1274 2358 non
1297 2330 1437 2370 agnovit,

960 2369 990 2399 A
1016 2377 1077 2408 quo
1102 2370 1172 2410 ipse
1197 2382 1260 2406 non
1287 2375 1411 2412 colitur,
