1653 2567
725 131 985 167 —237—

230 246 237 253 .
268 222 320 254 Ad
347 224 480 263 gradum
508 226 721 268 episcopatus,

269 270 308 303 In
335 279 397 310 quo
423 270 516 304 fulsit
539 273 608 306 Deo
634 279 744 314 gratus

272 317 317 350 Et
340 327 359 349 a
385 320 508 351 cunctis
533 325 728 361 peramatus.

235 409 242 416 .
270 384 295 416 O
322 393 417 424 quam
442 386 528 418 mitis
554 389 586 418 et
611 387 766 429 benignus

267 431 374 464 Fulsit
399 434 529 472 praesul
556 434 625 467 Deo
653 436 765 476 dignus

318 479 401 512 Cura
427 482 584 520 pastorali

268 526 364 560 Circa
398 528 544 573 plebem,
580 539 671 569 quam
699 532 832 572 regebat

266 575 312 608 Et
337 575 474 616 benigne
499 577 666 609 refovebat

313 622 441 655 Affectu
466 625 616 667 spiritali,

229 698 235 704 .
269 669 385 702 Curam
411 680 523 711 gerens
549 672 758 712 infirmorum,

264 718 455 760 Viduarum,
481 719 676 760 pupillorum

266 765 309 799 Et
337 767 565 800 desolatorum.

320 862 369 894 In
397 864 427 895 2.
455 863 693 896 Nocturno.

411 938 609 974 Antiphonae.

231 1024 237 1030 .
265 995 441 1037 Assumpto
466 1006 574 1028 secum
599 997 803 1040 Reginfrido,

267 1043 363 1076 Dulci
389 1053 428 1076 ac
452 1044 605 1085 prudenti
631 1045 710 1086 viro,

271 1091 387 1131 Coepit
409 1095 512 1124 terras
537 1101 711 1133 peragrare

270 1138 316 1171 Et
340 1139 474 1171 verbum
501 1140 587 1172 vitae
613 1140 781 1175 seminare.

232 1221 238 1228 .
266 1196 441 1237 Postquam
464 1197 586 1230 Romae
610 1197 812 1230 intraverunt

316 1244 428 1277 Terris
453 1245 562 1276 multis
587 1245 778 1289 peragratis,

264 1293 365 1326 Sacra
385 1292 459 1325 loca
482 1293 703 1325 lustraverunt

314 1339 458 1372 Fervore
484 1341 639 1374 caritatis.

230 1425 236 1431 .
264 1397 330 1431 Ubi
357 1398 412 1429 diu
440 1398 514 1430 dum
539 1398 735 1431 mansissent

266 1447 375 1485 Atque
400 1449 475 1478 vota
500 1446 726 1486 excoluissent,

266 1492 438 1526 Dominum
464 1493 701 1526 benedicebant

268 1541 377 1581 Atque
404 1543 511 1581 grates
535 1539 729 1575 referebant.

232 1626 239 1633 .
266 1599 441 1637 Postquam
458 1598 591 1631 Romam
618 1601 691 1630 sunt
710 1600 827 1640 egressi

268 1646 338 1680 Viri
363 1644 466 1678 fortes
490 1645 654 1685 indefessi,

268 1694 398 1728 Faciem
425 1697 593 1727 verterunt

268 1742 323 1775 Ad
348 1743 444 1781 viam,
473 1752 535 1782 qua
560 1745 727 1776 venerunt.

230 1828 237 1834 .
266 1799 380 1832 Statim
408 1800 539 1840 quidam
565 1798 722 1831 infirmari

314 1848 406 1880 Inter
430 1856 484 1880 eos
508 1850 683 1887 coeperunt

265 1895 311 1928 Et
335 1899 459 1928 tantum
487 1896 661 1934 debilitari,

314 1943 406 1983 Quod
432 1945 551 1977 mortui
577 1942 715 1978 fuerunt.

233 2026 239 2033 .
268 2003 352 2042 Quos
379 2002 429 2035 vir
454 2002 516 2035 Dei
541 2002 709 2042 sepultura

314 2050 422 2092 Digna
446 2050 626 2083 tumulabat

267 2098 465 2139 Animasque
490 2099 558 2131 Deo
584 2108 668 2139 pura

315 2147 416 2179 Prece
443 2146 694 2179 commendabat.

403 2223 614 2260 Responsoria.

205 2284 235 2317 1.
262 2281 327 2316 Hic
351 2281 476 2324 perfusi
502 2281 637 2314 caritate

262 2330 307 2364 Et
330 2330 456 2363 sincera
485 2330 629 2363 bonitate

258 2379 402 2418 Corpora
427 2378 545 2420 vigiliis

263 2426 455 2459 Mactabant
480 2430 513 2459 et
535 2425 674 2467 ieiuniis,

888 229 927 261 V.

887 760 923 792 V.

899 867 930 898 3.

889 1198 928 1231 V.

900 1351 931 1383 4.

959 228 1079 262 Noctes
1104 228 1254 260 ducentes
1280 228 1440 259 insomnes

1006 277 1043 309 In
1072 276 1187 308 divinis
1212 275 1361 308 laudibus

958 324 1090 356 Sanctos
1114 323 1283 355 imitabant
1308 331 1416 356 omnes

1006 371 1082 404 Cum
1108 371 1314 404 orationibus.

923 454 930 461 .
958 428 1042 460 Dum
1066 427 1191 460 itineris
1217 431 1378 460 consortes

1007 476 1167 516 Quosdam
1192 476 1362 515 sepelisset

959 525 1067 563 Atque
1092 524 1244 564 quosdam
1270 523 1377 555 adhue
1402 521 1502 554 fortes

1008 571 1118 603 Mente
1142 571 1363 611 persensisset,

961 618 1087 652 Christo
1112 618 1221 650 reddit
1245 619 1299 658 pia
1328 622 1410 657 vota,

958 666 1049 706 Quod
1074 666 1261 698 sinceritate
1285 669 1353 699 tota

1007 713 1082 745 Dies
1109 714 1266 756 elegisset,

954 761 1058 793 Luctu
1083 761 1179 802 plene
1203 761 1347 802 mitigato

956 808 1003 842 Et
1028 809 1138 841 dolore
1164 812 1364 842 commutato.

956 866 1021 898 Hic
1045 866 1095 898 vir
1119 868 1259 905 sanctus,
1286 868 1322 897 ut
1346 866 1472 898 audivit

1006 914 1152 946 Schisma
1176 913 1370 958 praedicari,

958 961 1037 993 Mox
1062 962 1105 993 ad
1130 960 1232 992 locum
1259 963 1335 992 tunc
1359 961 1461 994 adivit

1009 1010 1128 1041 Volens
1154 1008 1314 1039 sciscitari

960 1056 1063 1088 Huius
1089 1056 1136 1088 rei
1163 1056 1330 1088 veritatem

960 1103 1005 1135 Et
1030 1103 1147 1135 erroris
1174 1102 1346 1135 falsitatem

1007 1152 1123 1183 Totam
1149 1151 1345 1193 exstirpar03

957 1198 1132 1230 Veritatem
1157 1198 1323 1230 astruebat

959 1246 1003 1277 Et
1028 1255 1153 1278 morose
1176 1246 1345 1286 satagebat

1007 1294 1136 1326 Plebem
1161 1292 1347 1328 informare.

958 1350 1008 1383 De
1034 1350 1098 1383 fide
1125 1351 1199 1383 dum
1225 1351 1409 1392 ambigitur,

958 1400 1072 1439 Aequa
1097 1400 1149 1430 lex
1177 1399 1251 1431 dum
1277 1399 1473 1441 praefigitur,

1003 1446 1091 1488 Ignis
1117 1451 1153 1477 ut
1178 1449 1312 1486 paretur

957 1493 1003 1525 Et
1027 1494 1170 1534 quisquis
1203 1503 1293 1525 suum
1319 1494 1467 1527 baculum

961 1541 1088 1574 Cunctis
1112 1542 1155 1573 ad
1180 1543 1399 1581 spectaculum

1010 1590 1136 1622 Inicere
1162 1592 1303 1630 conetur,

959 1636 1045 1669 Mira
1071 1646 1122 1670 res
1147 1638 1323 1677 peragitur,

959 1685 1045 1725 Ignis
1071 1694 1145 1717 mox
1169 1685 1361 1729 incenditur,

1008 1733 1122 1766 Baculi
1147 1733 1326 1777 iactantur-3

957 1780 1052 1813 Fidei
1077 1781 1294 1813 sinceritatem

957 1829 1066 1869 Atque
1092 1829 1139 1861 rei
1167 1831 1337 1861 veritatem

1007 1877 1121 1910 Cuncti
1147 1878 1399 1917 praestolantur.

1021 1974 1068 2006 In
1095 1975 1127 2008 3.
1154 1973 1393 2007 NocturnO.

1098 2048 1144 2077 Ad
1167 2047 1299 2076 Cantica.

956 2107 1085 2139 Laudat
1109 2107 1211 2138 omnis
1237 2107 1329 2147 plebs
1355 2109 1482 2140 matura

1006 2155 1157 2188 Sanctam
1183 2155 1372 2197 trinitatem,

957 2202 1046 2242 Quod
1074 2212 1112 2235 ex
1136 2203 1196 2234 tali
1221 2204 1406 2236 coniectura

1004 2251 1116 2283 Noscit
1142 2251 1323 2287 veritatem.

1093 2326 1303 2362 Responsoria.

895 2376 925 2408 1.
953 2376 1073 2408 Astant
1098 2376 1138 2408 ad
1165 2378 1384 2416 spectaculum

1005 2423 1119 2457 Cuncti
1141 2426 1387 2471 praestolantes,
