1653 2567
669 95 903 131 *77—

198 192 351 225 Servasse
375 191 554 224 ministeria
958 194 974 226 1
983 202 1002 225 n
1032 194 1062 225 2.
1091 194 1117 225 V
1130 202 1170 224 es
1181 202 1200 233 p
1212 202 1229 224 e
1240 194 1308 226 ris.

201 239 261 272 Pro
288 239 403 271 summi
426 240 510 279 regis
535 240 648 279 gloria.
1006 268 1052 296 Acl
1072 268 1253 303 Magnifieat.

816 327 857 359 A.
888 329 993 367 Anna,
1024 327 1139 359 beatae
1163 326 1283 359 sobolis

315 353 365 380 Ad
385 353 571 382 Benedmtus.
888 373 1047 414 'lautique
1070 383 1187 415 parens
1211 374 1372 414 germinis,

126 421 165 454 A.
199 420 321 461 Gaude,
347 421 444 453 beata
467 421 624 464 genetrix,
892 422 979 461 Quae
1004 422 1186 454 sublimaris
1211 422 1308 454 hodic

201 472 287 508 Quae
313 472 437 501 tantum
465 469 580 501 donum
608 469 738 512 accipis,
886 470 997 510 Regno
1022 470 1172 510 perennis
1198 470 1328 510 gloriae,

201 516 245 550 Ut
266 519 385 549 matres
412 526 520 549 omnes
546 517 626 549 alias
888 517 1029 550 Sacratis
1058 518 1120 550 tuis
1143 518 1292 558 precibus

201 565 305 598 Prolis
332 565 453 597 honore
478 573 623 604 praeeas.
892 565 981 598 Caeli
1004 575 1061 597 nos
1086 566 1181 607 iunge
1207 566 1340 600 civibus.

202 651 287 678 Brev.
316 658 369 678 ms.
397 650 508 678 Montis
537 659 560 678 s.
583 651 697 679 Mariae
722 649 757 685 (P
784 658 858 678 saec.
883 648 927 678 13.
969 649 1038 679 Ood.
1064 651 1321 685 Guelfenbyteran.
1342 649 1408 679 559.
1431 650 1444 679 l

129 688 236 721 (Helm.
265 686 339 721 512).
368 689 401 716 A.
431 703 464 707 —
494 689 579 716 Brev.
607 697 661 716 ms.
690 688 801 716 Montis
828 696 851 717 s.
875 689 990 717 Mariae
1015 697 1091 717 saec.
1120 687 1162 717 14.
1213 689 1282 717 Corl.
1309 689 1445 718 Guelfon-

129 727 261 760 byteran.
280 724 334 754 170
350 724 459 760 (Helm.
478 724 540 754 145.
555 724 591 761 2).
612 727 645 755 Β.
666 741 704 746 -—
723 726 808 754 Brev.
830 735 883 755 ms.
897 727 1008 755 Montis
1029 736 1051 755 s.
1065 727 1179 755 Mariae
1201 736 1277 756 saec.
1301 725 1344 755 14.
1377 727 1407 756 C<
1420 728 1446 755 d.

132 765 391 831 Ggffsslfenbyteran.
420 763 477 793 546
497 765 604 798 (Helm.
626 763 701 799 506).
724 765 754 793 C.
783 779 815 784 ——
842 765 925 793 Brev.
946 765 1134 794 Goslariense
1153 768 1223 803 imp.
1244 765 1448 794 Halberstadii

201 851 242 879 In
265 848 289 878 1.
310 851 338 879 N
345 852 413 879 oet.
437 848 458 877 Β
490 849 518 878 1:
546 850 687 879 Dicamus
715 854 745 879 et
764 851 885 886 Annae,
913 851 991 888 quod
1017 851 1141 879 dicimus
1160 852 1276 880 Mariae
1302 856 1355 879 etc.
1383 860 1449 887 prc-

128 889 234 917 saisch.
255 890 294 917 D.
313 905 352 910 —
376 887 397 916 Β
418 887 449 916 2:
477 890 620 918 Dicamus
644 892 674 916 et
693 889 796 917 Annae
815 889 900 917 ABG.
921 904 958 909 --
980 888 1000 916 Β
1022 888 1055 918 3:
1081 889 1208 918 Laetare
1229 893 1323 918 mater
1342 890 1448 917 inclita

126 926 209 956 ABG.
245 941 282 946 -
313 928 354 956 In
383 926 409 955 2.
436 928 535 955 Noct.
560 928 640 956 ABG
667 927 839 964 prosaische
865 926 929 962 ΑΑ,
960 930 1033 956 statt
1058 928 1147 956 deren
1175 930 1246 957 aber
1270 930 1302 956 in
1324 928 1374 957 BC
1400 929 1443 956 die

127 967 234 1002 obigen
263 974 310 993 am
331 966 471 993 Schlusse
495 966 712 1002 nachgetragen
738 966 812 993 sind.
838 980 876 985 -—
903 964 925 992 Α
948 964 977 993 1:
1004 966 1052 994 Ex
1073 967 1208 994 Abrahae
1232 968 1370 1003 progenie
1394 970 1447 994 etc.

126 1005 162 1032 D.
183 1018 218 1023 -—
242 1002 264 1030 Α
287 1002 320 1031 2:
344 1004 428 1032 Haec
447 1004 533 1032 nobis
553 1005 633 1040 parit
652 1003 744 1031 filiam
766 1006 820 1032 etc.
840 1005 878 1032 D.
900 1018 932 1023 —
958 1002 979 1031 Β
1003 1004 1017 1032 1
1039 1007 1070 1032 in
1091 1005 1134 1032 D:

486 1051 520 1079 R.
545 1051 602 1079 Est
621 1054 681 1079 tam
703 1052 847 1087 benignae
867 1051 948 1080 filiae

548 1089 654 1117 Honor
672 1092 774 1127 gratus
796 1098 883 1126 quam
904 1092 1040 1125 maxime,

549 1128 670 1156 Parenti
693 1136 779 1163 quem
799 1128 1003 1164 impendimus,

547 1166 600 1195 Uti
619 1165 773 1194 mandavit
791 1166 944 1195 Dominus.

486 1204 520 1230 V.
548 1205 685 1231 Honorem
704 1205 812 1232 habebis
831 1206 927 1232 matris
947 1210 1010 1233 tuae

549 1244 652 1270 eunctis
672 1244 763 1270 diebus
782 1246 852 1271 vitae
872 1248 941 1271 tuae.

123 1298 164 1325 In
182 1296 209 1326 3.
231 1298 334 1326 Noct.
357 1296 405 1325 ΑΑ
427 1298 500 1328 1-—3
520 1300 623 1328 lauten
645 1302 676 1328 in
696 1300 739 1328 D:

138 1353 163 1382 1.
183 1356 230 1383 Tu
250 1357 379 1383 cisterna
399 1355 436 1383 de
454 1356 635 1390 Bethlehem,
871 1359 954 1392 Quae
973 1360 1067 1386 Deum
1089 1360 1171 1387 dedit
1190 1359 1339 1388 hominem

219 1393 312 1422 Cuius
333 1402 441 1430 aquam
461 1396 558 1423 sitivit
908 1397 1041 1425 Naturae
1060 1400 1177 1433 praeter
1199 1398 1338 1425 ordinem.

182 1432 246 1460 Rex
265 1432 365 1477 Daffid
386 1434 419 1460 51²
438 1433 608 1479 Ierusalem,
823 1442 850 1472 3.
870 1446 995 1479 Annam,
1015 1449 1150 1474 vocatam
1170 1447 1305 1483 gratiam,

222 1471 280 1505 Qui
302 1471 338 1499 de
360 1473 491 1499 torrente
510 1472 596 1499 bibit.
910 1484 1067 1512 Gratanter
1086 1485 1265 1516 invocemus,

133 1516 160 1545 2.
180 1519 226 1547 Tu
246 1518 345 1556 gloria
365 1519 535 1553 lerusalem‚
874 1522 917 1550 Ut
936 1521 1034 1550 datam
1055 1523 1113 1550 sibi
1134 1522 1259 1560 gloriam

221 1557 305 1591 Quae
324 1558 467 1594 peperisti
485 1559 640 1595 virginem,
911 1560 986 1588 Post
1002 1561 1131 1596 gratiam
1151 1569 1310 1597 speremus,

124 1611 145 1640 Β
169 1612 198 1642 1:
228 1614 252 1642 Ο
278 1615 382 1643 matris
410 1623 542 1643 summae
568 1618 703 1652 genetrix
728 1620 781 1646 ete.
803 1619 839 1646 D.
867 1632 904 1638 —
931 1616 951 1645 Β
979 1617 1009 1646 2:
1037 1619 1114 1647 Vere
1140 1619 1227 1647 beata
1253 1620 1363 1647 semina
1390 1621 1444 1646 etc.

126 1652 164 1680 D.
186 1668 222 1672 —-
244 1650 266 1680 Β
287 1649 366 1689 3[2]‚
387 1651 405 1681 3
419 1661 462 1689 sq.
504 1654 624 1682 Cunctis
646 1659 768 1691 excepta
786 1656 902 1684 feminis
922 1657 958 1685 D.
981 1673 1017 1677 —-
1039 1654 1060 1683 Β
1081 1654 1099 1685 3
1121 1657 1216 1686 lautet
1235 1658 1266 1685 in
1288 1658 1328 1685 D:

544 1703 579 1731 R.
603 1703 639 1731 In
661 1707 778 1732 aeterno
800 1705 920 1742 speculo

602 1742 750 1777 Praevisa,
772 1743 824 1771 sed
844 1744 962 1773 saeculo

639 1781 721 1809 Data
740 1784 913 1817 senescenti,

601 1819 706 1847 Dulcis
726 1821 821 1855 Anna,
847 1821 958 1856 sedulo,

598 1858 763 1887 Subvenire
783 1860 892 1896 populo

640 1897 782 1933 Prompta
802 1899 843 1926 sis
865 1901 971 1935 egenti.

524 1935 560 1962 V.
585 1935 631 1963 Tu
650 1935 749 1971 gloria
766 1936 937 1970 Ierusalem,

640 1974 677 2001 In
696 1974 795 2011 gloria
812 1975 919 2010 locata,

602 2012 711 2041 Gentes
732 2014 765 2041 in
784 2014 905 2042 miseria

640 2049 771 2079 sustolle
789 2060 880 2080 manu
900 2053 977 2081 data.

121 2096 163 2124 111
184 2096 299 2124 Laud.
322 2093 370 2123 ΑΑ
392 2097 457 2124 sind
471 2098 503 2125 in
522 2098 551 2126 D
572 2099 627 2126 mit
644 2100 814 2127 Ausnahme
834 2109 894 2128 von
914 2099 936 2128 Α
958 2099 976 2129 2
998 2102 1200 2131 verschieden:

308 2142 333 2173 1.
356 2144 466 2180 Gaude,
488 2149 581 2175 mater
599 2150 783 2184 praeoptata,
805 2148 860 2176 Cui
880 2149 963 2177 sedes
984 2151 1016 2178 in
1035 2150 1131 2187 gloria

351 2183 397 2212 Ab
419 2187 537 2213 aeterno
559 2188 605 2213 est
623 2189 728 2222 parata
748 2186 841 2215 Felici
861 2189 1011 2216 memoria.

303 2230 331 2260 3.
352 2232 543 2261 Benedictam
565 2233 721 2262 benedicat
741 2236 835 2263 omm's
857 2238 999 2270 creatura,

350 2270 445 2308 Super
466 2280 567 2300 omnes
587 2274 724 2301 mulieres
747 2275 831 2301 cuius
851 2276 988 2309 genimra

350 2309 513 2338 Benedicta
532 2311 630 2339 Deum
649 2312 749 2348 prodit
768 2313 800 2339 in
821 2315 924 2341 nostra
942 2316 1058 2342 natura.

301 2356 328 2385 4.
349 2357 396 2386 Ad
415 2358 533 2387 Annam
553 2360 651 2387 cuncti
675 2362 836 2396 transeant,
857 2361 978 2397 Impleri
999 2363 1050 2398 qui
1071 2363 1237 2392 desiderant

349 2396 396 2425 De
416 2397 667 2434 generationibus,
690 2398 773 2433 Quae
792 2400 876 2437 virgo
898 2401 956 2428 fuit
973 2399 1003 2437 (l)
1023 2404 1053 2429 et
1072 2401 1158 2432 filius.
