1653 2567
734 143 991 178 —267—

267 232 380 266 Carnis
407 231 571 281 [domans]
598 240 669 272 iura
959 241 1111 274 Mannum
1136 242 1249 275 labore

315 282 363 312 tui
388 284 534 324 magistri
559 287 618 318 sub
644 287 745 328 virga,
1008 291 1041 320 et
1064 289 1148 322 hane
1171 291 1296 331 reperit
1319 291 1389 322 sine
1410 290 1517 322 sorde.

266 328 330 360 Pro
357 329 449 362 nobis
475 341 543 372 ora,

314 375 484 411 Elisabeth
510 383 614 412 noctis
639 391 765 423 aurora,
899 376 931 406 2·
957 374 1048 406 Haess
1072 375 1146 408 Vitis
1171 376 1339 408 abundans

265 423 313 456 Ut
337 424 435 457 301311,
461 427 604 459 justitiae
1006 423 1039 453 in
1062 423 1165 455 latere
1191 424 1302 456 domus
1327 433 1414 464 suae,

312 472 480 506 videamus
507 477 540 506 et
564 478 651 508 tuam
675 478 810 517 prolem.
957 469 1060 502 FffiOS
1085 470 1272 511 informans,

1006 517 1161 550 olivarum
1186 523 1223 551 ut
1248 522 1354 551 essent
1379 519 1506 551 novelli.

395 569 456 602 Ad
479 570 629 604 Horas‘
900 604 932 635 3.
958 602 1062 642 Saepe
1085 604 1290 644 expugnabat

410 645 457 672 Ad
475 645 616 674 Primam.
1005 650 1151 683 iuventus
1169 648 1280 696 [eam]‚
1301 661 1392 692 quam
1412 652 1519 684 doma-

193 701 233 733 A.
266 700 435 734 Elisabeth
460 703 596 744 rigando
1287 699 1353 739 bat,

315 749 444 803 bertum
469 751 638 791 pulchrum
656 754 826 796 plantavit,
960 744 1010 776 Ne
1034 749 1219 799 Ρθξῑθᾶῖῡΐθὸ
1406 795 1412 801 ι

268 796 415 837 Pupfflos
440 800 615 840 pascendo,
1008 791 1205 827 fabnearent
1231 795 1359 826 dorsum
1386 803 1462 827 e1us.

314 854 392 884 quos
419 846 558 878 erudelis
584 847 685 879 host-is
702 849 828 882 stravit.
899 880 922 910 4
958 878 1010 910 De
1036 877 1134 911 fundo
1161 880 1342 911 clamabant

410 921 456 949 Ad
475 922 616 950 Tertiam.
1006 934 1173 971 pauperes,
1193 928 1247 967 qui
1265 936 1332 960 eam
1351 928 1518 968 vocabant,

194 980 234 1012 A.
266 979 472 1012 Dormientes
497 981 618 1013 excitat
955 973 1013 1006 Pie
1038 975 1249 1014 exandiendQ

312 1027 481 1060 Elisabeth
505 1028 728 1073 illuminando,
1007 1021 1048 1053 ad
1072 1030 1222 1060 sponsum
1237 1031 1344 1053 seeum
1361 1023 1517 1056 ducendo.

264 1075 349 1107 Fide
374 1080 519 1108 errantes

312 1124 354 1155 ad
380 1123 483 1155 Deum
511 1132 568 1155 ore
592 1124 778 1159 clamantes,
900 1109 931 1139 5·
956 1106 1029 1137 Non
1056 1108 1227 1139 exaltatum

1008 1162 1063 1185 cor
1087 1156 1154 1187 eius
1179 1165 1239 1187 nec
1264 1156 1431 1196 elevatum,

412 1199 458 1227 Ad
479 1199 609 1227 Sextam.
959 1201 1133 1234 Humiliter
1157 1204 1317 1236 sentiebat

193 1259 236 1290 A.
269 1258 410 1290 Consilio
435 1268 586 1290 manuum
1008 1249 1233 1291 Christumque
1257 1252 1310 1291 pie
1336 1252 1470 1286 colebat.

309 1306 415 1339 lanam
443 1309 475 1338 et
498 1307 599 1338 linum
624 1308 818 1348 quaerendo,

266 1354 320 1386 Sic
343 1353 405 1385 ivit
428 1363 587 1394 pauperes
1082 1354 1128 1381 Ad
1147 1354 1328 1390 Magnificat.

312 1402 353 1434 de
377 1404 520 1435 stercore
545 1403 701 1436 vocando.
886 1433 928 1464 A·
958 1430 1128 1463 Elisabeth
1155 1432 1272 1464 decora

409 1478 457 1506 Ad
476 1479 604 1506 Nonam.
1007 1477 1109 1519 fulges
1134 1480 1168 1511 in
1195 1481 1291 1512 caelis
1317 1490 1443 1525 aurora,

191 1539 231 1572 A·
266 1537 389 1578 Agrum
420 1564 426 1570 Ι
456 1564 462 1573 Ι
492 1564 498 1573 ⁴
958 1528 1089 1559 Vestem
1114 1537 1291 1568 pauperum

261 1585 674 1666 ...35321225013232321111
956 1579 1219 1665 maizssssffsstnssss

308 1690 387 1715 vera
410 1642 588 1722 sepultlura.
958 1671 1233 1752 Adpftzdifflrsngt
1244 1673 1414 1712 portentis,

332 1779 379 1811 In
406 1779 438 1812 2·
465 1777 686 1817 Vesperi?>¹
1006 1766 1166 1799 Christum
1192 1747 1246 1808 qui
1271 1768 1325 1808 pie
1350 1772 1468 1811 amant,

960 1815 1044 1854 Quos
1072 1815 1112 1847 de
1136 1815 1298 1856 profundo

412 1854 615 1890 Antiphonae.
1008 1863 1105 1895 maris
1132 1865 1263 1914 elevasti
1288 1863 1400 1905 fundo,

202 1913 234 1947 1.
261 1911 425 1946 Aedificat
449 1912 557 1956 fidem,
961 1911 1056 1943 Nune
1080 1914 1184 1944 tecum
1209 1913 1289 1951 loca,

308 1960 480 1995 Elisabeth
500 1971 569 1994 eum
586 1961 740 1993 Dominus,
752 1961 829 1993 bea·
1010 1959 1172 1992 Christum
1211 1957 1395 2005 [sponsum]
1434 1964 1519 1992 tuum

595 2010 643 2041 vit
1291 2017 1379 2041 voca.

267 2066 374 2096 Officia
398 2074 453 2094 ms.
479 2075 556 2094 saec.
586 2064 631 2093 15.
676 2065 746 2093 Cod.
767 2064 939 2102 Sangallen.
964 2061 1031 2091 415.
1052 2077 1090 2082 —
1110 2064 1151 2091 In
1182 2062 1206 2091 1.
1228 2064 1250 2091 V
1274 2073 1338 2100 >sp.
1361 2063 1383 2090 A
1410 2062 1436 2100 2,
1453 2062 1471 2093 3
1493 2068 1522 2092 et

188 2106 278 2134 laude
290 2105 456 2133 viduitatis.
493 2122 499 2125 -
520 2103 542 2130 A
558 2102 584 2139 2,
598 2102 619 2131 4
632 2106 664 2131 in
680 2105 798 2140 gratiae
810 2104 896 2131 rexit.
908 2118 944 2122 —
957 2100 978 2128 A
995 2101 1021 2135 5,
1037 2099 1055 2128 2
1068 2110 1111 2138 sq.
1127 2104 1270 2139 progenie
1284 2104 1370 2138 stirps
1387 2102 1469 2131 haee.
1497 2119 1519 2122 —

191 2143 222 2181 Β,
237 2143 255 2174 3
272 2145 397 2181 propria
412 2145 519 2172 carnis.
537 2158 571 2162 —
585 2143 631 2170 Ad
645 2143 746 2178 Magn.
762 2140 793 2176 A,
812 2140 825 2169 1
843 2141 945 2169 Gaude
955 2139 1026 2168 filia.
1040 2155 1079 2159 —
1093 2141 1134 2168 In
1150 2139 1175 2168 1.
1190 2141 1295 2169 Norat.
1312 2139 1334 2167 A
1352 2139 1376 2176 1,
1390 2140 1410 2169 4
1422 2142 1518 2170 Elisa-

188 2184 259 2213 beth
276 2184 354 2211 dum.
368 2196 398 2200 —
419 2181 440 2209 A
456 2180 483 2216 2,
501 2181 515 2209 1
531 2182 663 2210 Gloriam
682 2182 747 2208 tibi.
760 2196 797 2200 -—
809 2178 828 2206 Β
846 2178 872 2214 2,
887 2177 922 2207 10
936 2178 1035 2207 fehlen
1045 2177 1156 2207 Silben.
1170 2196 1206 2199 —
1217 2180 1259 2207 In
1274 2177 1300 2206 2.
1311 2180 1413 2207 Noct.
1427 2179 1448 2206 A
1464 2178 1491 2214 2,
1505 2180 1519 2208 1

187 2224 286 2252 Tuum
307 2221 543 2249 tabernaculum.
561 2234 594 2239 —
612 2217 633 2246 Β
657 2218 682 2254 1,
697 2218 714 2247 5
736 2220 895 2255 Leprosas.
911 2232 946 2236 —
969 2215 988 2243 Β
1012 2215 1037 2251 1,
1052 2216 1069 2243 7
1084 2217 1154 2245 Lies
1170 2216 1261 2245 Puroe
1281 2218 1335 2245 hos
1355 2218 1430 2246 facis
1451 2219 1522 2247 oder

188 2263 342 2297 Parosque
361 2260 458 2287 facis?
474 2259 568 2286 —In
588 2256 616 2287 3.
637 2259 667 2286 N
675 2260 742 2286 oet.
765 2256 787 2284 Β
808 2255 835 2291 2,
849 2255 869 2284 2
887 2265 986 2293 regem
1006 2255 1140 2284 solamen
1161 2259 1195 2283 ut
1214 2255 1302 2284 Saba,
1323 2271 1353 2275 —
1369 2255 1391 2283 Β
1406 2255 1433 2291 3,
1450 2256 1521 2295 Isq.

186 2302 219 2329 in
245 2299 382 2337 patibulo
410 2299 515 2326 Aman.
538 2313 572 2316 —
596 2295 615 2323 Β
642 2294 669 2331 3,
691 2294 709 2324 8
735 2305 834 2324 seeum
859 2294 995 2323 locando.
1021 2308 1053 2313 —
1075 2294 1118 2322 In
1149 2295 1256 2322 Laud.
1279 2294 1301 2321 A
1324 2294 1349 2329 1,
1369 2293 1389 2323 4
1409 2296 1522 2324 coelica

188 2347 289 2375 regna.
317 2353 353 2357 —
383 2335 405 2363 A
434 2335 461 2371 2,
481 2335 501 2364 4
526 2336 596 2364 dum
623 2335 705 2363 fehlt.
732 2349 770 2354 ——
799 2331 822 2361 A
851 2332 877 2367 5,
899 2331 917 2360 2
945 2332 1047 2360 laudet
1067 2335 1172 2362 omnis.
1198 2348 1230 2352 —
1251 2334 1297 2361 Ad
1317 2334 1425 2362 Bened.
1447 2333 1481 2369 A,
1503 2334 1520 2362 5

189 2378 284 2412 Quem
304 2377 355 2404 hie
375 2376 474 2413 elegit.
495 2390 535 2394 —-
554 2374 631 2403 Ibid.
653 2371 671 2401 8
692 2382 748 2401 sua
766 2373 912 2408 magistri.
934 2386 972 2390 —
990 2371 1059 2399 Ibid
1081 2370 1116 2399 12
1140 2373 1210 2400 Lies
1231 2381 1315 2400 suam
1335 2373 1469 2409 prolem?
1482 2390 1522 2394 —-

188 2417 235 2445 Ad
264 2416 385 2444 Sextam
414 2414 446 2447 A,
468 2412 486 2441 2
515 2416 545 2442 et
571 2414 667 2441 linum
692 2412 863 2447 plectend0;
889 2410 949 2447 vgl.
976 2410 1062 2437 Prov.
1088 2407 1134 2446 31,
1157 2409 1202 2440 13.
1241 2412 1282 2439 In
1302 2409 1330 2439 2.
1353 2409 1460 2448 Vesp.
1483 2413 1521 2440 atl

188 2456 291 2492 Magn.
313 2453 347 2488 A,
369 2451 387 2480 2
407 2452 511 2490 fulget.
532 2468 568 2472 —
590 2451 668 2479 1hid.
688 2449 709 2479 4
729 2451 854 2478 consuit.
876 2464 913 2469 —
933 2447 978 2476 Zu
1002 2448 1112 2477 diesem
1133 2449 1268 2478 Officium
1288 2450 1386 2478 finden
1406 2451 1470 2479 sich
1490 2453 1522 2478 in
