1653 2567
681 125 940 160 -170-

560 219 608 250 59.
639 218 682 249 De
701 218 808 250 sancto
828 216 1059 249 Bonaventmea.

301 283 349 315 In
377 283 406 315 1.
435 280 652 319 Vesperis.

348 346 442 383 Super
460 344 603 373 Psalmos.

169 397 200 429 1.
227 395 327 435 Bona,
353 395 437 433 Iesu,
465 402 534 426 cum
560 396 695 425 ventura

226 443 359 475 Illustra
384 442 482 474 corda
507 440 643 473 obseura

277 490 449 529 Seraphico
478 489 616 530 doctore,

230 537 409 570 Ecclesiam
435 545 529 576 quam
555 538 733 575 compserat

228 584 425 624 Crucemque
449 586 539 615 tuam
564 585 768 622 prompserat

278 632 428 672 Virgineo
455 631 597 663 ductore.

175 691 206 722 2.
233 689 312 729 Regi
337 688 410 720 Iesu
436 688 650 729 conclavatur7

228 735 366 767 Fructus
391 735 494 767 crucis
518 735 744 774 proclamatur,

278 783 391 815 Floret
415 782 472 814 sub
500 781 663 821 Gregorio,

231 831 329 870 Quem
355 829 474 869 sixtus,
500 830 549 861 vir
576 828 780 868 Ohembicus‚

230 878 293 909 Hie
319 877 481 909 decoravit
506 876 637 908 caelitus

280 925 393 957 Coetus
416 923 611 956 consistorio.

177 984 208 1015 3.
234 981 342 1013 Arbor
368 980 469 1012 crucis
494 978 661 1012 fructifera

232 1028 327 1060 Hune
350 1028 454 1059 Iesum
481 1030 513 1059 et
537 1035 697 1067 puerpera

278 1076 424 1107 Atti-exit
448 1075 480 1106 in
505 1075 698 1117 languorem,

232 1122 315 1155 Dum
340 1124 447 1162 gustat
471 1122 537 1153 eius
564 1122 712 1154 corticem

234 1169 503 1210 Seraphicumque
527 1169 688 1208 verticem,

281 1217 384 1249 Sentit
407 1217 492 1249 vitae
518 1216 689 1248 dulcorem.

174 1276 207 1308 4.
232 1273 329 1305 Necis
354 1271 498 1304 faucibus
523 1271 701 1313 subreptus,

235 1320 401 1352 Francisci
427 1322 499 1351 voto
526 1323 652 1359 ereptus

284 1367 404 1400 Puerili
426 1367 460 1398 in
481 1365 561 1398 flore

240 1414 373 1447 Scandit
395 1423 452 1446 sua
476 1413 617 1453 vestigia,

238 1461 349 1494 Crucis
373 1462 447 1494 Iesu
466 1459 605 1501 fastigia,

284 1509 426 1542 Pullulat
449 1508 481 1539 in
508 1509 630 1540 decore.

183 1569 213 1599 5.
238 1566 326 1597 Bone
349 1565 421 1597 Iesu
446 1573 484 1596 ac
507 1570 649 1604 venture,

239 1613 328 1645 Hora
352 1612 462 1644 mortis
487 1611 546 1644 tibi
572 1620 665 1644 curae

289 1660 338 1692 Sit
361 1661 408 1692 tui
432 1660 534 1691 saneti
558 1667 663 1701 prece,

243 1707 363 1739 Nostra
391 1707 508 1739 delicta
533 1706 643 1739 abluas

242 1756 292 1787 Ac
317 1763 456 1786 errorem
481 1757 518 1785 ut
540 1753 671 1793 abiam,

291 1802 393 1834 Soluti
416 1801 500 1833 truci
524 1809 610 1833 nece.

360 1875 407 1902 Ad
426 1875 604 1912 Magnificat.

172 1926 212 1958 A.
245 1925 270 1957 O
296 1925 401 1956 lumen
426 1924 577 1963 siderum,

244 1971 398 2005 Cardines
421 1972 497 2011 poli,

242 2019 444 2059 Fervideque
467 2018 606 2058 Seraph!

247 2066 366 2098 Solium
392 2066 469 2098 celsi

248 2111 395 2154 scandis,
423 2113 462 2146 ab
489 2115 554 2146 alto

249 2161 403 2194 Conditor
427 2163 529 2194 latens

249 2208 326 2241 Cum
351 2212 383 2241 te
407 2210 562 2248 retrahis3

250 2257 363 2296 Specie
391 2258 476 2289 culta

247 2304 333 2338 Miro
357 2307 506 2344 portento

248 2351 376 2391 Remis,
403 2353 442 2385 ob
467 2352 502 2384 id

245 2399 388 2432 Maestos
412 2400 518 2434 solare

914 277 1018 310 Corda
1042 276 1252 317 praecinctos,

911 324 999 356 Vitia
1021 324 1131 365 tunde,

910 373 961 404 Ac
985 371 1075 404 nefas
1102 371 1182 404 desit

912 419 1042 452 Gloriae
1066 419 1182 451 inanis,

975 533 1037 564 Ad
1061 532 1332 565 Matutinum.

1046 606 1262 635 Invitatorium.

915 664 1050 705 Christo,
1078 672 1207 697 aeterno
1229 664 1306 705 filio,

962 711 1173 744 confiteamur
1198 721 1262 756 ore7

915 760 973 799 Qui
999 759 1248 799 praecandidum
1274 759 1341 791 lilio

959 806 1215 839 Bonaventuram
1249 807 1359 839 madet
1382 815 1466 840 rore.

982 921 1027 952 In
1055 921 1085 953 1.
1111 920 1169 952 No
1181 922 1339 953 cturno.

1054 994 1250 1031 Antiphonae.

855 1053 886 1085 1.
912 1052 1014 1084 Trina
1038 1053 1153 1085 eminet
1178 1053 1258 1086 solio

962 1100 1087 1132 Corona
1108 1101 1280 1139 laureatus,

913 1147 1010 1186 Luce,
1035 1150 1107 1179 ture
1132 1152 1163 1179 et
1187 1148 1286 1187 pallio

962 1193 1059 1226 Libat
1084 1195 1243 1229 Christum
1269 1195 1390 1229 beatus

856 1252 889 1282 2.
914 1250 1034 1282 Divitis
1061 1250 1180 1283 Christi
1204 1261 1362 1291 pauperes

963 1297 1080 1329 Imbuit
1106 1306 1194 1331 more
1217 1302 1337 1340 gentes,

916 1345 966 1377 Ne
990 1345 1067 1377 luxu
1091 1346 1155 1377 sint
1181 1346 1363 1388 degeneres,

965 1392 1110 1424 Effrenas
1136 1396 1241 1426 terens
1267 1398 1399 1429 mentes,

861 1451 893 1483 3.
921 1449 1081 1482 Christum
1108 1450 1241 1482 amictus
1267 1451 1403 1483 culmine

966 1497 1044 1528 Alte
1069 1498 1153 1529 rexit
1177 1498 1270 1530 elisos

917 1544 1063 1584 Quosque
1087 1546 1204 1577 caelico
1229 1546 1358 1577 numine

965 1591 1057 1624 Mitis
1081 1593 1170 1632 pavit
1194 1593 1386 1627 submersos

1057 1666 1264 1703 Responsoria.

864 1725 896 1756 1.
922 1724 1110 1765 Lugdunum
1136 1726 1216 1758 lucis
1241 1727 1414 1767 splendore

971 1773 1174 1805 Perlustrans
1197 1775 1309 1807 mundi
1333 1784 1418 1815 orem,

922 1819 1082 1852 Redolens
1106 1821 1232 1853 mellico
1257 1820 1336 1853 flore

971 1868 1090 1899 Aridos
1115 1868 1182 1900 fetu
1204 1878 1306 1909 roraS,

925 1914 1098 1955 Seraphico
1118 1916 1151 1947 in
1178 1916 1308 1948 doctore

974 1961 1105 2001 Spineta
1129 1963 1267 1996 tundens
1292 1962 1398 2005 foras3

857 2009 892 2040 V.
923 2009 960 2041 In
986 2009 1078 2041 horto
1103 2009 1228 2043 frondis
1255 2012 1379 2054 decore,

927 2057 1126 2090 Exuberanti
1147 2059 1271 2098 liquore

973 2104 1178 2138 Delectemur
1202 2116 1261 2146 per
1284 2107 1389 2140 horas.

871 2163 903 2193 2.
931 2163 1031 2196 Sertis
1058 2163 1160 2202 spirat
1184 2164 1361 2197 virentibus

978 2210 1087 2243 Crucis
1113 2211 1232 2252 saeptis
1259 2212 1370 2252 stipite

930 2258 1113 2291 Frondibus
1138 2259 1426 2302 subcrescentibus,

978 2306 1085 2339 Viridi
1112 2307 1152 2339 de
1177 2307 1318 2348 caespite

933 2354 1050 2387 Condit
1073 2355 1192 2387 salvam
1216 2357 1418 2396 torpentibus

979 2401 1080 2435 Falce
1105 2412 1174 2435 cum
1198 2404 1358 2446 ancipite3
