<?xml version="1.0" encoding="UTF-8"?>
<!DOCTYPE html PUBLIC "-//W3C//DTD XHTML 1.0 Transitional//EN"
    "http://www.w3.org/TR/xhtml1/DTD/xhtml1-transitional.dtd">
<html xmlns="http://www.w3.org/1999/xhtml" xml:lang="en" lang="en">
 <head>
  <title>
</title>
<meta http-equiv="Content-Type" content="text/html;charset=utf-8" />
  <meta name='ocr-system' content='tesseract 3.04.00' />
  <meta name='ocr-capabilities' content='ocr_page ocr_carea ocr_par ocr_line ocrx_word'/>
</head>
<body>
  <div class='ocr_page' id='page_1' title='image "./analectahymnica25drevuoft_00054.png"; bbox 0 0 1653 2567; ppageno 0'>
   <div class='ocr_carea' id='block_1_1' title="bbox 719 100 959 137">
    <p class='ocr_par' dir='ltr' id='par_1_1' title="bbox 719 100 959 137">
     <span class='ocr_line' id='line_1_1' title="bbox 719 100 959 137; baseline 0.004 -12"><span class='ocrx_word' id='word_1_1' title='bbox 719 100 959 137; x_wconf 63' lang='lat'>-51—</span> 
     </span>
    </p>
   </div>
   <div class='ocr_carea' id='block_1_2' title="bbox 176 195 1498 311">
    <p class='ocr_par' dir='ltr' id='par_1_2' title="bbox 176 195 1498 311">
     <span class='ocr_line' id='line_1_2' title="bbox 251 195 1497 233; baseline 0 -10"><span class='ocrx_word' id='word_1_2' title='bbox 251 196 508 224; x_wconf 81' lang='lat' dir='ltr'>Brev-Romanum</span> <span class='ocrx_word' id='word_1_3' title='bbox 522 198 592 233; x_wconf 86' lang='lat' dir='ltr'>imp.</span> <span class='ocrx_word' id='word_1_4' title='bbox 601 198 735 226; x_wconf 86' lang='lat' dir='ltr'>Venetiis</span> <span class='ocrx_word' id='word_1_5' title='bbox 752 195 834 226; x_wconf 81' lang='lat'>1522.</span> <span class='ocrx_word' id='word_1_6' title='bbox 844 212 878 217; x_wconf 91' lang='lat'>—-</span> <span class='ocrx_word' id='word_1_7' title='bbox 887 198 945 226; x_wconf 86' lang='lat' dir='ltr'>Die</span> <span class='ocrx_word' id='word_1_8' title='bbox 954 197 1020 225; x_wconf 86' lang='lat' dir='ltr'>hier</span> <span class='ocrx_word' id='word_1_9' title='bbox 1033 197 1276 225; x_wconf 82' lang='lat' dir='ltr'>fehlendenTeile</span> <span class='ocrx_word' id='word_1_10' title='bbox 1288 196 1449 232; x_wconf 85' lang='lat' dir='ltr'>prosaisch.</span> <span class='ocrx_word' id='word_1_11' title='bbox 1461 212 1497 216; x_wconf 93' lang='lat'>—</span> 
     </span>
     <span class='ocr_line' id='line_1_3' title="bbox 176 231 1498 273; baseline -0.002 -10"><span class='ocrx_word' id='word_1_12' title='bbox 176 232 219 262; x_wconf 90' lang='lat' dir='ltr'>In</span> <span class='ocrx_word' id='word_1_13' title='bbox 238 231 265 261; x_wconf 85' lang='lat'>3-</span> <span class='ocrx_word' id='word_1_14' title='bbox 286 235 388 263; x_wconf 82' lang='lat' dir='ltr'>Noct.</span> <span class='ocrx_word' id='word_1_15' title='bbox 411 232 432 260; x_wconf 81' lang='lat' dir='ltr'>R</span> <span class='ocrx_word' id='word_1_16' title='bbox 456 233 480 269; x_wconf 92' lang='grc'>1,</span> <span class='ocrx_word' id='word_1_17' title='bbox 502 233 520 262; x_wconf 86' lang='grc'>2</span> <span class='ocrx_word' id='word_1_18' title='bbox 538 235 738 273; x_wconf 80' lang='lat' dir='ltr'>Caelesteque.</span> <span class='ocrx_word' id='word_1_19' title='bbox 752 251 789 255; x_wconf 93' lang='lat'>—</span> <span class='ocrx_word' id='word_1_20' title='bbox 808 236 850 264; x_wconf 87' lang='lat' dir='ltr'>In</span> <span class='ocrx_word' id='word_1_21' title='bbox 864 236 976 264; x_wconf 84' lang='lat' dir='ltr'><strong>Laud.</strong></span> <span class='ocrx_word' id='word_1_22' title='bbox 998 235 1020 262; x_wconf 91' lang='grc' dir='ltr'>Α</span> <span class='ocrx_word' id='word_1_23' title='bbox 1044 234 1068 269; x_wconf 85' lang='grc'>1,</span> <span class='ocrx_word' id='word_1_24' title='bbox 1094 234 1108 263; x_wconf 94' lang='grc'>1</span> <span class='ocrx_word' id='word_1_25' title='bbox 1129 237 1160 262; x_wconf 91' lang='lat' dir='ltr'>in</span> <span class='ocrx_word' id='word_1_26' title='bbox 1181 237 1320 272; x_wconf 85' lang='lat' dir='ltr'>tempore.</span> <span class='ocrx_word' id='word_1_27' title='bbox 1334 250 1374 256; x_wconf 52' lang='grc' dir='ltr'>ν-</span> <span class='ocrx_word' id='word_1_28' title='bbox 1394 233 1417 261; x_wconf 88' lang='grc' dir='ltr'>Α</span> <span class='ocrx_word' id='word_1_29' title='bbox 1435 233 1462 268; x_wconf 83' lang='grc'>5,</span> <span class='ocrx_word' id='word_1_30' title='bbox 1479 233 1498 262; x_wconf 83' lang='grc'><strong>2</strong></span> 
     </span>
     <span class='ocr_line' id='line_1_4' title="bbox 178 272 1498 311; baseline 0.001 -11"><span class='ocrx_word' id='word_1_31' title='bbox 178 273 354 301; x_wconf 81' lang='lat' dir='ltr'>Felicianus.</span> <span class='ocrx_word' id='word_1_32' title='bbox 376 286 413 292; x_wconf 81' lang='lat'>—-</span> <span class='ocrx_word' id='word_1_33' title='bbox 433 273 478 301; x_wconf 85' lang='lat' dir='ltr'>Ad</span> <span class='ocrx_word' id='word_1_34' title='bbox 499 274 607 301; x_wconf 83' lang='lat' dir='ltr'>Bened.</span> <span class='ocrx_word' id='word_1_35' title='bbox 629 273 646 302; x_wconf 86' lang='lat'>5</span> <span class='ocrx_word' id='word_1_36' title='bbox 666 274 741 302; x_wconf 82' lang='lat' dir='ltr'>fehlt</span> <span class='ocrx_word' id='word_1_37' title='bbox 760 276 826 303; x_wconf 86' lang='lat' dir='ltr'>eine</span> <span class='ocrx_word' id='word_1_38' title='bbox 845 274 943 311; x_wconf 82' lang='lat' dir='ltr'>Silbe3</span> <span class='ocrx_word' id='word_1_39' title='bbox 965 277 995 302; x_wconf 88' lang='lat' dir='ltr'>et</span> <span class='ocrx_word' id='word_1_40' title='bbox 1015 275 1143 310; x_wconf 65' lang='lat' dir='ltr'>erganzt.</span> <span class='ocrx_word' id='word_1_41' title='bbox 1164 288 1202 293; x_wconf 88' lang='lat'>—-</span> <span class='ocrx_word' id='word_1_42' title='bbox 1229 274 1270 301; x_wconf 84' lang='lat' dir='ltr'>In</span> <span class='ocrx_word' id='word_1_43' title='bbox 1290 272 1316 301; x_wconf 87' lang='grc'>2.</span> <span class='ocrx_word' id='word_1_44' title='bbox 1334 273 1438 310; x_wconf 86' lang='lat' dir='ltr'>Vesp.</span> <span class='ocrx_word' id='word_1_45' title='bbox 1461 273 1498 301; x_wconf 85' lang='lat' dir='ltr'>ad</span> 
     </span>
    </p>
   </div>
   <div class='ocr_carea' id='block_1_3' title="bbox 176 309 827 347">
    <p class='ocr_par' dir='ltr' id='par_1_3' title="bbox 176 309 827 347">
     <span class='ocr_line' id='line_1_5' title="bbox 176 309 827 347; baseline 0.003 -10"><span class='ocrx_word' id='word_1_46' title='bbox 176 311 275 347; x_wconf 81' lang='lat' dir='ltr'>Magn.</span> <span class='ocrx_word' id='word_1_47' title='bbox 296 309 314 339; x_wconf 90' lang='grc'>8</span> <span class='ocrx_word' id='word_1_48' title='bbox 333 310 381 339; x_wconf 88' lang='lat' dir='ltr'>fac</span> <span class='ocrx_word' id='word_1_49' title='bbox 400 320 454 339; x_wconf 91' lang='lat' dir='ltr'>nos</span> <span class='ocrx_word' id='word_1_50' title='bbox 475 311 514 339; x_wconf 82' lang='lat' dir='ltr'>acl</span> <span class='ocrx_word' id='word_1_51' title='bbox 534 312 662 340; x_wconf 77' lang='lat' dir='ltr'>caeleste</span> <span class='ocrx_word' id='word_1_52' title='bbox 681 314 827 341; x_wconf 81' lang='lat' dir='ltr'><strong>bravium.</strong></span> 
     </span>
    </p>
   </div>
   <div class='ocr_carea' id='block_1_4' title="bbox 627 386 1041 427">
    <p class='ocr_par' dir='ltr' id='par_1_4' title="bbox 627 386 1041 427">
     <span class='ocr_line' id='line_1_6' title="bbox 627 386 1041 427; baseline -0.002 -10"><span class='ocrx_word' id='word_1_53' title='bbox 627 386 667 417; x_wconf 85' lang='lat'>17.</span> <span class='ocrx_word' id='word_1_54' title='bbox 698 386 742 418; x_wconf 82' lang='lat' dir='ltr'>De</span> <span class='ocrx_word' id='word_1_55' title='bbox 759 388 877 419; x_wconf 81' lang='lat' dir='ltr'>sanctis</span> <span class='ocrx_word' id='word_1_56' title='bbox 899 386 1041 427; x_wconf 76' lang='lat' dir='ltr'>Angelis.</span> 
     </span>
    </p>
   </div>
   <div class='ocr_carea' id='block_1_5' title="bbox 318 446 671 487">
    <p class='ocr_par' dir='ltr' id='par_1_5' title="bbox 318 446 671 487">
     <span class='ocr_line' id='line_1_7' title="bbox 318 446 671 487; baseline 0.006 -8"><span class='ocrx_word' id='word_1_57' title='bbox 318 446 366 479; x_wconf 82' lang='lat' dir='ltr'>In</span> <span class='ocrx_word' id='word_1_58' title='bbox 394 446 425 480; x_wconf 84' lang='lat'>1.</span> <span class='ocrx_word' id='word_1_59' title='bbox 451 447 671 487; x_wconf 79' lang='lat' dir='ltr'>VesperiS.</span> 
     </span>
    </p>
   </div>
   <div class='ocr_carea' id='block_1_6' title="bbox 362 520 624 557">
    <p class='ocr_par' dir='ltr' id='par_1_6' title="bbox 362 520 624 557">
     <span class='ocr_line' id='line_1_8' title="bbox 362 520 624 557; baseline 0.008 -9"><span class='ocrx_word' id='word_1_60' title='bbox 362 520 458 557; x_wconf 81' lang='lat' dir='ltr'>Super</span> <span class='ocrx_word' id='word_1_61' title='bbox 478 522 624 550; x_wconf 78' lang='lat' dir='ltr'>Psalmos.</span> 
     </span>
    </p>
   </div>
   <div class='ocr_carea' id='block_1_7' title="bbox 177 581 772 757">
    <p class='ocr_par' dir='ltr' id='par_1_7' title="bbox 177 581 772 672">
     <span class='ocr_line' id='line_1_9' title="bbox 177 581 695 622; baseline 0 -10"><span class='ocrx_word' id='word_1_62' title='bbox 177 581 216 613; x_wconf 92' lang='lat' dir='ltr'>A.</span> <span class='ocrx_word' id='word_1_63' title='bbox 249 581 287 612; x_wconf 89' lang='lat' dir='ltr'>In</span> <span class='ocrx_word' id='word_1_64' title='bbox 313 584 485 621; x_wconf 88' lang='lat' dir='ltr'>conspectu</span> <span class='ocrx_word' id='word_1_65' title='bbox 511 581 695 622; x_wconf 79' lang='lat' dir='ltr'>angelorum</span> 
     </span>
     <span class='ocr_line' id='line_1_10' title="bbox 300 628 772 672; baseline -0.002 -10"><span class='ocrx_word' id='word_1_66' title='bbox 300 628 442 662; x_wconf 85' lang='lat' dir='ltr'>Psallam</span> <span class='ocrx_word' id='word_1_67' title='bbox 466 628 537 669; x_wconf 88' lang='lat' dir='ltr'>tibi,</span> <span class='ocrx_word' id='word_1_68' title='bbox 562 628 649 660; x_wconf 86' lang='lat' dir='ltr'>Deus</span> <span class='ocrx_word' id='word_1_69' title='bbox 675 638 772 672; x_wconf 85' lang='lat' dir='ltr'>meus,</span> 
     </span>
    </p>

    <p class='ocr_par' dir='ltr' id='par_1_8' title="bbox 250 676 684 716">
     <span class='ocr_line' id='line_1_11' title="bbox 250 676 684 716; baseline -0.002 -8"><span class='ocrx_word' id='word_1_70' title='bbox 250 676 296 708; x_wconf 84' lang='lat' dir='ltr'>Et</span> <span class='ocrx_word' id='word_1_71' title='bbox 316 677 350 708; x_wconf 85' lang='lat' dir='ltr'>in</span> <span class='ocrx_word' id='word_1_72' title='bbox 374 677 537 716; x_wconf 71' lang='lat' dir='ltr'>pravitate</span> <span class='ocrx_word' id='word_1_73' title='bbox 560 686 684 709; x_wconf 80' lang='lat' dir='ltr'>morum</span> 
     </span>
    </p>

    <p class='ocr_par' dir='ltr' id='par_1_9' title="bbox 299 723 675 757">
     <span class='ocr_line' id='line_1_12' title="bbox 299 723 675 757; baseline 0.003 -1"><span class='ocrx_word' id='word_1_74' title='bbox 299 723 484 757; x_wconf 86' lang='lat' dir='ltr'>Confitebor</span> <span class='ocrx_word' id='word_1_75' title='bbox 506 724 566 756; x_wconf 87' lang='lat' dir='ltr'>tibi</span> <span class='ocrx_word' id='word_1_76' title='bbox 592 733 675 757; x_wconf 65' lang='lat' dir='ltr'>reus</span> 
     </span>
    </p>
   </div>
   <div class='ocr_carea' id='block_1_8' title="bbox 370 798 616 835">
    <p class='ocr_par' dir='ltr' id='par_1_10' title="bbox 370 798 616 835">
     <span class='ocr_line' id='line_1_13' title="bbox 370 798 616 835; baseline -0.004 -9"><span class='ocrx_word' id='word_1_77' title='bbox 370 798 416 826; x_wconf 84' lang='lat' dir='ltr'>Ad</span> <span class='ocrx_word' id='word_1_78' title='bbox 436 798 616 835; x_wconf 83' lang='lat' dir='ltr'>Magnificat.</span> 
     </span>
    </p>
   </div>
   <div class='ocr_carea' id='block_1_9' title="bbox 178 856 777 1040">
    <p class='ocr_par' dir='ltr' id='par_1_11' title="bbox 178 856 777 1040">
     <span class='ocr_line' id='line_1_14' title="bbox 178 856 568 898; baseline 0.005 -11"><span class='ocrx_word' id='word_1_79' title='bbox 178 858 218 889; x_wconf 89' lang='lat' dir='ltr'>A.</span> <span class='ocrx_word' id='word_1_80' title='bbox 252 856 408 898; x_wconf 85' lang='lat' dir='ltr'>Angelica</span> <span class='ocrx_word' id='word_1_81' title='bbox 433 857 568 889; x_wconf 84' lang='lat' dir='ltr'>societas</span> 
     </span>
     <span class='ocr_line' id='line_1_15' title="bbox 297 904 775 948; baseline -0.002 -11"><span class='ocrx_word' id='word_1_82' title='bbox 297 904 473 937; x_wconf 81' lang='lat' dir='ltr'><strong>Nobiscum</strong></span> <span class='ocrx_word' id='word_1_83' title='bbox 499 908 606 936; x_wconf 86' lang='lat' dir='ltr'>verset</span> <span class='ocrx_word' id='word_1_84' title='bbox 630 913 775 948; x_wconf 84' lang='lat' dir='ltr'>vespere,</span> 
     </span>
     <span class='ocr_line' id='line_1_16' title="bbox 249 951 658 992; baseline -0.002 -8"><span class='ocrx_word' id='word_1_85' title='bbox 249 951 386 984; x_wconf 87' lang='lat' dir='ltr'>Caecata</span> <span class='ocrx_word' id='word_1_86' title='bbox 410 955 473 984; x_wconf 88' lang='lat' dir='ltr'>stet</span> <span class='ocrx_word' id='word_1_87' title='bbox 498 952 658 992; x_wconf 82' lang='lat' dir='ltr'>impietas,</span> 
     </span>
     <span class='ocr_line' id='line_1_17' title="bbox 298 1000 777 1040; baseline 0.002 -8"><span class='ocrx_word' id='word_1_88' title='bbox 298 1000 349 1032; x_wconf 73' lang='lat' dir='ltr'>Ne</span> <span class='ocrx_word' id='word_1_89' title='bbox 372 1000 478 1040; x_wconf 80' lang='lat' dir='ltr'>possit</span> <span class='ocrx_word' id='word_1_90' title='bbox 501 1009 560 1032; x_wconf 85' lang='lat' dir='ltr'>nos</span> <span class='ocrx_word' id='word_1_91' title='bbox 586 1000 777 1040; x_wconf 73' lang='lat' dir='ltr'>opprimere.</span> 
     </span>
    </p>
   </div>
   <div class='ocr_carea' id='block_1_10' title="bbox 311 1094 669 1127">
    <p class='ocr_par' dir='ltr' id='par_1_12' title="bbox 311 1094 669 1127">
     <span class='ocr_line' id='line_1_18' title="bbox 311 1094 669 1127; baseline -0.003 0"><span class='ocrx_word' id='word_1_92' title='bbox 311 1096 374 1127; x_wconf 89' lang='lat' dir='ltr'>Ad</span> <span class='ocrx_word' id='word_1_93' title='bbox 399 1094 669 1127; x_wconf 84' lang='lat' dir='ltr'>Matutinum.</span> 
     </span>
    </p>
   </div>
   <div class='ocr_carea' id='block_1_11' title="bbox 382 1170 599 1197">
    <p class='ocr_par' dir='ltr' id='par_1_13' title="bbox 382 1170 599 1197">
     <span class='ocr_line' id='line_1_19' title="bbox 382 1170 599 1197; baseline -0.009 0"><span class='ocrx_word' id='word_1_94' title='bbox 382 1170 599 1197; x_wconf 77' lang='lat' dir='ltr'>Invitatorium.</span> 
     </span>
    </p>
   </div>
   <div class='ocr_carea' id='block_1_12' title="bbox 246 1228 720 1412">
    <p class='ocr_par' dir='ltr' id='par_1_14' title="bbox 246 1228 720 1318">
     <span class='ocr_line' id='line_1_20' title="bbox 246 1228 720 1262; baseline -0.006 0"><span class='ocrx_word' id='word_1_95' title='bbox 246 1229 381 1262; x_wconf 84' lang='lat' dir='ltr'>Trinum</span> <span class='ocrx_word' id='word_1_96' title='bbox 407 1228 511 1261; x_wconf 84' lang='lat' dir='ltr'>Deum</span> <span class='ocrx_word' id='word_1_97' title='bbox 536 1233 570 1261; x_wconf 80' lang='lat' dir='ltr'>et,</span> <span class='ocrx_word' id='word_1_98' title='bbox 593 1229 720 1260; x_wconf 83' lang='lat' dir='ltr'>unicum</span> 
     </span>
     <span class='ocr_line' id='line_1_21' title="bbox 291 1275 688 1318; baseline -0.005 -9"><span class='ocrx_word' id='word_1_99' title='bbox 291 1275 464 1309; x_wconf 85' lang='lat' dir='ltr'><strong>Vobiscum</strong></span> <span class='ocrx_word' id='word_1_100' title='bbox 490 1285 688 1318; x_wconf 81' lang='lat' dir='ltr'>veneramur,</span> 
     </span>
    </p>

    <p class='ocr_par' dir='ltr' id='par_1_15' title="bbox 249 1322 692 1412">
     <span class='ocr_line' id='line_1_22' title="bbox 249 1322 692 1365; baseline -0.002 -10"><span class='ocrx_word' id='word_1_101' title='bbox 249 1322 354 1356; x_wconf 86' lang='lat' dir='ltr'>Dulce</span> <span class='ocrx_word' id='word_1_102' title='bbox 381 1325 477 1356; x_wconf 84' lang='lat' dir='ltr'>decus</span> <span class='ocrx_word' id='word_1_103' title='bbox 504 1324 692 1365; x_wconf 86' lang='lat' dir='ltr'>angelicum,</span> 
     </span>
     <span class='ocr_line' id='line_1_23' title="bbox 295 1370 677 1412; baseline -0.005 -7"><span class='ocrx_word' id='word_1_104' title='bbox 295 1371 342 1405; x_wconf 79' lang='lat' dir='ltr'>Ut</span> <span class='ocrx_word' id='word_1_105' title='bbox 365 1371 436 1412; x_wconf 88' lang='lat' dir='ltr'>ipso</span> <span class='ocrx_word' id='word_1_106' title='bbox 463 1370 677 1404; x_wconf 82' lang='lat' dir='ltr'><strong>confruamur.</strong></span> 
     </span>
    </p>
   </div>
   <div class='ocr_carea' id='block_1_13' title="bbox 334 1467 642 1569">
    <p class='ocr_par' dir='ltr' id='par_1_16' title="bbox 334 1467 642 1569">
     <span class='ocr_line' id='line_1_24' title="bbox 334 1467 642 1500; baseline 0 0"><span class='ocrx_word' id='word_1_107' title='bbox 334 1468 351 1500; x_wconf 82' lang='grc' dir='ltr'><strong>Ι</strong></span> <span class='ocrx_word' id='word_1_108' title='bbox 360 1477 382 1498; x_wconf 87' lang='lat' dir='ltr'>n</span> <span class='ocrx_word' id='word_1_109' title='bbox 415 1467 446 1500; x_wconf 80' lang='lat' dir='ltr'>N</span> <span class='ocrx_word' id='word_1_110' title='bbox 453 1476 472 1499; x_wconf 92' lang='lat' dir='ltr'>o</span> <span class='ocrx_word' id='word_1_111' title='bbox 482 1476 499 1499; x_wconf 85' lang='lat' dir='ltr'>c</span> <span class='ocrx_word' id='word_1_112' title='bbox 507 1471 522 1498; x_wconf 83' lang='lat' dir='ltr'>t</span> <span class='ocrx_word' id='word_1_113' title='bbox 529 1477 551 1499; x_wconf 87' lang='lat' dir='ltr'>u</span> <span class='ocrx_word' id='word_1_114' title='bbox 560 1477 605 1499; x_wconf 86' lang='lat' dir='ltr'>rn</span> <span class='ocrx_word' id='word_1_115' title='bbox 612 1476 642 1500; x_wconf 91' lang='lat' dir='ltr'>o.</span> 
     </span>
     <span class='ocr_line' id='line_1_25' title="bbox 359 1532 618 1569; baseline -0.008 -9"><span class='ocrx_word' id='word_1_116' title='bbox 359 1532 454 1569; x_wconf 83' lang='lat' dir='ltr'><strong>Super</strong></span> <span class='ocrx_word' id='word_1_117' title='bbox 472 1533 618 1561; x_wconf 86' lang='lat' dir='ltr'>Psalmos.</span> 
     </span>
    </p>
   </div>
   <div class='ocr_carea' id='block_1_14' title="bbox 173 1591 748 1775">
    <p class='ocr_par' dir='ltr' id='par_1_17' title="bbox 173 1591 748 1679">
     <span class='ocr_line' id='line_1_26' title="bbox 173 1591 693 1630; baseline -0.002 -7"><span class='ocrx_word' id='word_1_118' title='bbox 173 1591 214 1623; x_wconf 91' lang='lat' dir='ltr'>A.</span> <span class='ocrx_word' id='word_1_119' title='bbox 246 1592 331 1630; x_wconf 82' lang='lat' dir='ltr'>Quos</span> <span class='ocrx_word' id='word_1_120' title='bbox 355 1591 387 1622; x_wconf 93' lang='lat' dir='ltr'>in</span> <span class='ocrx_word' id='word_1_121' title='bbox 414 1594 503 1624; x_wconf 84' lang='lat' dir='ltr'>terra</span> <span class='ocrx_word' id='word_1_122' title='bbox 527 1592 693 1624; x_wconf 81' lang='lat' dir='ltr'><strong>minorasti</strong></span> 
     </span>
     <span class='ocr_line' id='line_1_27' title="bbox 294 1639 748 1679; baseline 0 -8"><span class='ocrx_word' id='word_1_123' title='bbox 294 1639 395 1671; x_wconf 86' lang='lat' dir='ltr'>Paulo</span> <span class='ocrx_word' id='word_1_124' title='bbox 420 1639 524 1670; x_wconf 89' lang='lat' dir='ltr'>minus</span> <span class='ocrx_word' id='word_1_125' title='bbox 550 1639 590 1671; x_wconf 85' lang='lat' dir='ltr'>ab</span> <span class='ocrx_word' id='word_1_126' title='bbox 616 1640 748 1679; x_wconf 88' lang='lat' dir='ltr'>angelis,</span> 
     </span>
    </p>

    <p class='ocr_par' dir='ltr' id='par_1_18' title="bbox 247 1685 733 1775">
     <span class='ocr_line' id='line_1_28' title="bbox 247 1685 694 1719; baseline 0 -1"><span class='ocrx_word' id='word_1_127' title='bbox 247 1685 315 1718; x_wconf 91' lang='lat' dir='ltr'>Hos</span> <span class='ocrx_word' id='word_1_128' title='bbox 340 1685 373 1718; x_wconf 90' lang='lat' dir='ltr'>in</span> <span class='ocrx_word' id='word_1_129' title='bbox 400 1687 488 1718; x_wconf 88' lang='lat' dir='ltr'>caelo</span> <span class='ocrx_word' id='word_1_130' title='bbox 513 1686 694 1719; x_wconf 81' lang='lat' dir='ltr'>sublimasti</span> 
     </span>
     <span class='ocr_line' id='line_1_29' title="bbox 300 1734 733 1775; baseline 0.002 -8"><span class='ocrx_word' id='word_1_131' title='bbox 300 1734 497 1775; x_wconf 83' lang='lat' dir='ltr'>Coaequatos</span> <span class='ocrx_word' id='word_1_132' title='bbox 523 1735 733 1775; x_wconf 80' lang='lat' dir='ltr'>archangelis,</span> 
     </span>
    </p>
   </div>
   <div class='ocr_carea' id='block_1_15' title="bbox 384 1810 593 1846">
    <p class='ocr_par' dir='ltr' id='par_1_19' title="bbox 384 1810 593 1846">
     <span class='ocr_line' id='line_1_30' title="bbox 384 1810 593 1846; baseline -0.005 -8"><span class='ocrx_word' id='word_1_133' title='bbox 384 1810 593 1846; x_wconf 79' lang='lat' dir='ltr'>Responsoria.</span> 
     </span>
    </p>
   </div>
   <div class='ocr_carea' id='block_1_16' title="bbox 171 1868 788 2239">
    <p class='ocr_par' dir='ltr' id='par_1_20' title="bbox 171 1868 788 2239">
     <span class='ocr_line' id='line_1_31' title="bbox 186 1868 779 1910; baseline 0 -9"><span class='ocrx_word' id='word_1_134' title='bbox 186 1868 217 1901; x_wconf 84' lang='grc'>1.</span> <span class='ocrx_word' id='word_1_135' title='bbox 244 1868 309 1902; x_wconf 84' lang='lat' dir='ltr'>Hic</span> <span class='ocrx_word' id='word_1_136' title='bbox 334 1871 383 1901; x_wconf 87' lang='lat' dir='ltr'>est</span> <span class='ocrx_word' id='word_1_137' title='bbox 406 1869 559 1910; x_wconf 85' lang='lat' dir='ltr'>princeps</span> <span class='ocrx_word' id='word_1_138' title='bbox 585 1869 779 1910; x_wconf 85' lang='lat' dir='ltr'>angelorum,</span> 
     </span>
     <span class='ocr_line' id='line_1_32' title="bbox 291 1917 606 1957; baseline 0 -8"><span class='ocrx_word' id='word_1_139' title='bbox 291 1917 443 1957; x_wconf 84' lang='lat' dir='ltr'>Michael‚</span> <span class='ocrx_word' id='word_1_140' title='bbox 472 1918 606 1950; x_wconf 87' lang='lat' dir='ltr'>victoria</span> 
     </span>
     <span class='ocr_line' id='line_1_33' title="bbox 245 1965 695 2006; baseline -0.007 -7"><span class='ocrx_word' id='word_1_141' title='bbox 245 1965 341 1999; x_wconf 86' lang='lat' dir='ltr'>Cuius</span> <span class='ocrx_word' id='word_1_142' title='bbox 366 1974 482 2006; x_wconf 80' lang='lat' dir='ltr'>magna</span> <span class='ocrx_word' id='word_1_143' title='bbox 506 1965 695 2006; x_wconf 88' lang='lat' dir='ltr'>populorum</span> 
     </span>
     <span class='ocr_line' id='line_1_34' title="bbox 295 2013 626 2046; baseline 0.003 -1"><span class='ocrx_word' id='word_1_144' title='bbox 295 2013 445 2046; x_wconf 78' lang='lat' dir='ltr'>Praestat</span> <span class='ocrx_word' id='word_1_145' title='bbox 468 2013 626 2046; x_wconf 86' lang='lat' dir='ltr'>beneficia</span> 
     </span>
     <span class='ocr_line' id='line_1_35' title="bbox 243 2061 671 2103; baseline -0.002 -9"><span class='ocrx_word' id='word_1_146' title='bbox 243 2061 288 2094; x_wconf 80' lang='lat' dir='ltr'>Et</span> <span class='ocrx_word' id='word_1_147' title='bbox 313 2061 355 2094; x_wconf 89' lang='lat' dir='ltr'>ad</span> <span class='ocrx_word' id='word_1_148' title='bbox 380 2071 480 2103; x_wconf 85' lang='lat' dir='ltr'>regna</span> <span class='ocrx_word' id='word_1_149' title='bbox 505 2061 671 2094; x_wconf 88' lang='lat' dir='ltr'>beatorum</span> 
     </span>
     <span class='ocr_line' id='line_1_36' title="bbox 292 2109 671 2150; baseline 0.003 -9"><span class='ocrx_word' id='word_1_150' title='bbox 292 2110 479 2142; x_wconf 82' lang='lat' dir='ltr'>Provehunt</span> <span class='ocrx_word' id='word_1_151' title='bbox 503 2109 671 2150; x_wconf 79' lang='lat' dir='ltr'>suffragia.</span> 
     </span>
     <span class='ocr_line' id='line_1_37' title="bbox 171 2156 788 2202; baseline -0.003 -11"><span class='ocrx_word' id='word_1_152' title='bbox 171 2157 211 2191; x_wconf 89' lang='lat' dir='ltr'>V.</span> <span class='ocrx_word' id='word_1_153' title='bbox 240 2158 288 2190; x_wconf 86' lang='lat' dir='ltr'>Te</span> <span class='ocrx_word' id='word_1_154' title='bbox 313 2157 490 2197; x_wconf 85' lang='lat' dir='ltr'>laudamus,</span> <span class='ocrx_word' id='word_1_155' title='bbox 518 2156 579 2202; x_wconf 84' lang='lat' dir='ltr'>fac,</span> <span class='ocrx_word' id='word_1_156' title='bbox 606 2166 788 2199; x_wconf 80' lang='lat' dir='ltr'>precamur,</span> 
     </span>
     <span class='ocr_line' id='line_1_38' title="bbox 293 2205 739 2239; baseline 0.002 -1"><span class='ocrx_word' id='word_1_157' title='bbox 293 2205 395 2238; x_wconf 86' lang='lat' dir='ltr'>Recto</span> <span class='ocrx_word' id='word_1_158' title='bbox 423 2205 576 2239; x_wconf 88' lang='lat' dir='ltr'>virtutum</span> <span class='ocrx_word' id='word_1_159' title='bbox 601 2206 739 2239; x_wconf 83' lang='lat' dir='ltr'>tramite.</span> 
     </span>
    </p>
   </div>
   <div class='ocr_carea' id='block_1_17' title="bbox 184 2264 636 2450">
    <p class='ocr_par' dir='ltr' id='par_1_21' title="bbox 184 2264 636 2345">
     <span class='ocr_line' id='line_1_39' title="bbox 184 2264 636 2305; baseline 0 -9"><span class='ocrx_word' id='word_1_160' title='bbox 184 2264 216 2296; x_wconf 79' lang='lat'>2.</span> <span class='ocrx_word' id='word_1_161' title='bbox 243 2265 387 2304; x_wconf 75' lang='lat' dir='ltr'>Angelus</span> <span class='ocrx_word' id='word_1_162' title='bbox 413 2264 455 2296; x_wconf 87' lang='lat' dir='ltr'>ad</span> <span class='ocrx_word' id='word_1_163' title='bbox 482 2265 636 2305; x_wconf 86' lang='lat' dir='ltr'>virginem</span> 
     </span>
     <span class='ocr_line' id='line_1_40' title="bbox 293 2311 590 2345; baseline 0.003 -1"><span class='ocrx_word' id='word_1_164' title='bbox 293 2311 425 2344; x_wconf 84' lang='lat' dir='ltr'>Gabriel</span> <span class='ocrx_word' id='word_1_165' title='bbox 450 2312 590 2345; x_wconf 86' lang='lat' dir='ltr'>Mariam</span> 
     </span>
    </p>

    <p class='ocr_par' dir='ltr' id='par_1_22' title="bbox 241 2359 630 2450">
     <span class='ocr_line' id='line_1_41' title="bbox 241 2359 630 2402; baseline 0.003 -11"><span class='ocrx_word' id='word_1_166' title='bbox 241 2359 362 2393; x_wconf 84' lang='lat' dir='ltr'>Missus</span> <span class='ocrx_word' id='word_1_167' title='bbox 388 2359 452 2393; x_wconf 85' lang='lat' dir='ltr'>fert</span> <span class='ocrx_word' id='word_1_168' title='bbox 477 2361 630 2402; x_wconf 85' lang='lat' dir='ltr'>originem</span> 
     </span>
     <span class='ocr_line' id='line_1_42' title="bbox 292 2408 602 2450; baseline 0.003 -9"><span class='ocrx_word' id='word_1_169' title='bbox 292 2408 472 2442; x_wconf 80' lang='lat' dir='ltr'>Salvatoris</span> <span class='ocrx_word' id='word_1_170' title='bbox 497 2409 602 2450; x_wconf 87' lang='lat' dir='ltr'>piam:</span> 
     </span>
    </p>
   </div>
   <div class='ocr_carea' id='block_1_18' title="bbox 865 448 1461 1298">
    <p class='ocr_par' dir='ltr' id='par_1_23' title="bbox 865 448 1461 1298">
     <span class='ocr_line' id='line_1_43' title="bbox 938 448 1279 489; baseline -0.006 -8"><span class='ocrx_word' id='word_1_171' title='bbox 938 450 1018 489; x_wconf 87' lang='lat' dir='ltr'>Ave,</span> <span class='ocrx_word' id='word_1_172' title='bbox 1044 448 1141 488; x_wconf 87' lang='lat' dir='ltr'>plena</span> <span class='ocrx_word' id='word_1_173' title='bbox 1166 448 1279 488; x_wconf 83' lang='lat' dir='ltr'>gratia,</span> 
     </span>
     <span class='ocr_line' id='line_1_44' title="bbox 986 496 1354 536; baseline -0.003 -9"><span class='ocrx_word' id='word_1_174' title='bbox 986 496 1140 528; x_wconf 86' lang='lat' dir='ltr'>Dominus</span> <span class='ocrx_word' id='word_1_175' title='bbox 1167 497 1216 526; x_wconf 87' lang='lat' dir='ltr'>est</span> <span class='ocrx_word' id='word_1_176' title='bbox 1240 498 1354 536; x_wconf 84' lang='lat' dir='ltr'>tecum,</span> 
     </span>
     <span class='ocr_line' id='line_1_45' title="bbox 938 541 1264 583; baseline -0.006 -7"><span class='ocrx_word' id='word_1_177' title='bbox 938 543 1046 576; x_wconf 85' lang='lat' dir='ltr'>Mater</span> <span class='ocrx_word' id='word_1_178' title='bbox 1072 552 1104 575; x_wconf 91' lang='lat' dir='ltr'>es</span> <span class='ocrx_word' id='word_1_179' title='bbox 1131 545 1163 574; x_wconf 85' lang='lat' dir='ltr'>et</span> <span class='ocrx_word' id='word_1_180' title='bbox 1187 541 1264 583; x_wconf 85' lang='lat' dir='ltr'>filia,</span> 
     </span>
     <span class='ocr_line' id='line_1_46' title="bbox 985 590 1447 631; baseline -0.002 -8"><span class='ocrx_word' id='word_1_181' title='bbox 985 591 1072 631; x_wconf 85' lang='lat' dir='ltr'>Ergo</span> <span class='ocrx_word' id='word_1_182' title='bbox 1097 590 1169 631; x_wconf 87' lang='lat' dir='ltr'>plus</span> <span class='ocrx_word' id='word_1_183' title='bbox 1195 599 1290 630; x_wconf 85' lang='lat' dir='ltr'>quam</span> <span class='ocrx_word' id='word_1_184' title='bbox 1316 598 1447 622; x_wconf 81' lang='lat' dir='ltr'>mecum.</span> 
     </span>
     <span class='ocr_line' id='line_1_47' title="bbox 868 638 1272 672; baseline -0.007 1"><span class='ocrx_word' id='word_1_185' title='bbox 868 640 907 672; x_wconf 88' lang='lat' dir='ltr'>V.</span> <span class='ocrx_word' id='word_1_186' title='bbox 939 638 1039 671; x_wconf 82' lang='lat' dir='ltr'>Dabitl</span> <span class='ocrx_word' id='word_1_187' title='bbox 1064 639 1092 669; x_wconf 88' lang='lat' dir='ltr'>ei</span> <span class='ocrx_word' id='word_1_188' title='bbox 1117 638 1272 670; x_wconf 88' lang='lat' dir='ltr'>Dominus</span> 
     </span>
     <span class='ocr_line' id='line_1_48' title="bbox 987 686 1324 725; baseline -0.003 -7"><span class='ocrx_word' id='word_1_189' title='bbox 987 686 1102 718; x_wconf 83' lang='lat' dir='ltr'>Sedem</span> <span class='ocrx_word' id='word_1_190' title='bbox 1125 686 1230 725; x_wconf 86' lang='lat' dir='ltr'>patris</span> <span class='ocrx_word' id='word_1_191' title='bbox 1257 686 1324 717; x_wconf 86' lang='lat' dir='ltr'>eius</span> 
     </span>
     <span class='ocr_line' id='line_1_49' title="bbox 939 733 1362 774; baseline -0.002 -9"><span class='ocrx_word' id='word_1_192' title='bbox 939 733 1055 774; x_wconf 87' lang='lat' dir='ltr'>David,</span> <span class='ocrx_word' id='word_1_193' title='bbox 1082 742 1184 773; x_wconf 89' lang='lat' dir='ltr'>neque</span> <span class='ocrx_word' id='word_1_194' title='bbox 1209 733 1362 765; x_wconf 89' lang='lat' dir='ltr'>terminus</span> 
     </span>
     <span class='ocr_line' id='line_1_50' title="bbox 986 781 1278 821; baseline 0 -8"><span class='ocrx_word' id='word_1_195' title='bbox 986 781 1061 813; x_wconf 79' lang='lat' dir='ltr'>Erit</span> <span class='ocrx_word' id='word_1_196' title='bbox 1084 781 1175 821; x_wconf 83' lang='lat' dir='ltr'>regni</span> <span class='ocrx_word' id='word_1_197' title='bbox 1200 781 1278 813; x_wconf 80' lang='lat' dir='ltr'>eius.</span> 
     </span>
     <span class='ocr_line' id='line_1_51' title="bbox 880 836 1356 879; baseline -0.011 -6"><span class='ocrx_word' id='word_1_198' title='bbox 880 840 911 873; x_wconf 79' lang='lat'>3.</span> <span class='ocrx_word' id='word_1_199' title='bbox 936 839 1093 879; x_wconf 80' lang='lat' dir='ltr'>Raphael,</span> <span class='ocrx_word' id='word_1_200' title='bbox 1120 836 1169 869; x_wconf 81' lang='lat' dir='ltr'>fer</span> <span class='ocrx_word' id='word_1_201' title='bbox 1195 837 1356 878; x_wconf 81' lang='lat' dir='ltr'>gaudium,</span> 
     </span>
     <span class='ocr_line' id='line_1_52' title="bbox 984 885 1436 927; baseline -0.004 -9"><span class='ocrx_word' id='word_1_202' title='bbox 984 886 1056 918; x_wconf 86' lang='lat' dir='ltr'>Duc</span> <span class='ocrx_word' id='word_1_203' title='bbox 1081 895 1146 927; x_wconf 82' lang='lat' dir='ltr'>neS‚</span> <span class='ocrx_word' id='word_1_204' title='bbox 1172 886 1281 918; x_wconf 87' lang='lat' dir='ltr'>hostes</span> <span class='ocrx_word' id='word_1_205' title='bbox 1308 885 1436 917; x_wconf 86' lang='lat' dir='ltr'>elimina</span> 
     </span>
     <span class='ocr_line' id='line_1_53' title="bbox 937 933 1336 973; baseline -0.005 -8"><span class='ocrx_word' id='word_1_206' title='bbox 937 934 980 966; x_wconf 86' lang='lat' dir='ltr'>Et</span> <span class='ocrx_word' id='word_1_207' title='bbox 1007 933 1082 965; x_wconf 84' lang='lat' dir='ltr'>felle</span> <span class='ocrx_word' id='word_1_208' title='bbox 1107 933 1336 973; x_wconf 84' lang='lat' dir='ltr'>paenitentium</span> 
     </span>
     <span class='ocr_line' id='line_1_54' title="bbox 985 980 1413 1020; baseline -0.005 -7"><span class='ocrx_word' id='word_1_209' title='bbox 985 981 1095 1013; x_wconf 89' lang='lat' dir='ltr'>Mente</span> <span class='ocrx_word' id='word_1_210' title='bbox 1122 989 1232 1012; x_wconf 90' lang='lat' dir='ltr'>caecos</span> <span class='ocrx_word' id='word_1_211' title='bbox 1257 980 1413 1020; x_wconf 84' lang='lat' dir='ltr'>illumina,</span> 
     </span>
     <span class='ocr_line' id='line_1_55' title="bbox 939 1027 1415 1068; baseline -0.006 -6"><span class='ocrx_word' id='word_1_212' title='bbox 939 1030 1072 1068; x_wconf 86' lang='lat' dir='ltr'>Semper</span> <span class='ocrx_word' id='word_1_213' title='bbox 1097 1028 1204 1060; x_wconf 85' lang='lat' dir='ltr'>adsint</span> <span class='ocrx_word' id='word_1_214' title='bbox 1232 1027 1415 1060; x_wconf 86' lang='lat' dir='ltr'>caelestium</span> 
     </span>
     <span class='ocr_line' id='line_1_56' title="bbox 986 1075 1429 1115; baseline -0.002 -8"><span class='ocrx_word' id='word_1_215' title='bbox 986 1077 1149 1108; x_wconf 81' lang='lat' dir='ltr'>Virtutum</span> <span class='ocrx_word' id='word_1_216' title='bbox 1173 1075 1266 1107; x_wconf 88' lang='lat' dir='ltr'>nobis</span> <span class='ocrx_word' id='word_1_217' title='bbox 1292 1075 1429 1115; x_wconf 85' lang='lat' dir='ltr'>agmina.</span> 
     </span>
     <span class='ocr_line' id='line_1_57' title="bbox 865 1122 1441 1161; baseline -0.005 -4"><span class='ocrx_word' id='word_1_218' title='bbox 865 1124 904 1157; x_wconf 91' lang='lat' dir='ltr'>V.</span> <span class='ocrx_word' id='word_1_219' title='bbox 940 1124 1057 1156; x_wconf 82' lang='lat' dir='ltr'>Sancte</span> <span class='ocrx_word' id='word_1_220' title='bbox 1082 1126 1264 1155; x_wconf 88' lang='lat' dir='ltr'>sanctorum</span> <span class='ocrx_word' id='word_1_221' title='bbox 1290 1122 1441 1161; x_wconf 87' lang='lat' dir='ltr'>omnium,</span> 
     </span>
     <span class='ocr_line' id='line_1_58' title="bbox 985 1169 1461 1210; baseline -0.002 -8"><span class='ocrx_word' id='word_1_222' title='bbox 985 1171 1032 1202; x_wconf 84' lang='lat' dir='ltr'>Te</span> <span class='ocrx_word' id='word_1_223' title='bbox 1056 1170 1168 1203; x_wconf 82' lang='lat' dir='ltr'>laudet</span> <span class='ocrx_word' id='word_1_224' title='bbox 1193 1172 1295 1202; x_wconf 89' lang='lat' dir='ltr'>omnis</span> <span class='ocrx_word' id='word_1_225' title='bbox 1321 1169 1461 1210; x_wconf 89' lang='lat' dir='ltr'>spiritus.</span> 
     </span>
     <span class='ocr_line' id='line_1_59' title="bbox 936 1217 1351 1258; baseline -0.005 -7"><span class='ocrx_word' id='word_1_226' title='bbox 936 1218 1010 1251; x_wconf 85' lang='lat' dir='ltr'>Tibi</span> <span class='ocrx_word' id='word_1_227' title='bbox 1037 1218 1148 1251; x_wconf 87' lang='lat' dir='ltr'>damus</span> <span class='ocrx_word' id='word_1_228' title='bbox 1172 1217 1351 1258; x_wconf 69' lang='lat' dir='ltr'>imperium.</span> 
     </span>
     <span class='ocr_line' id='line_1_60' title="bbox 983 1265 1429 1298; baseline -0.004 0"><span class='ocrx_word' id='word_1_229' title='bbox 983 1266 1030 1298; x_wconf 89' lang='lat' dir='ltr'>Te</span> <span class='ocrx_word' id='word_1_230' title='bbox 1054 1265 1145 1298; x_wconf 87' lang='lat' dir='ltr'>nobis</span> <span class='ocrx_word' id='word_1_231' title='bbox 1173 1267 1213 1298; x_wconf 87' lang='lat' dir='ltr'>da</span> <span class='ocrx_word' id='word_1_232' title='bbox 1236 1265 1429 1297; x_wconf 84' lang='lat' dir='ltr'>medullitus.</span> 
     </span>
    </p>
   </div>
   <div class='ocr_carea' id='block_1_19' title="bbox 1025 1342 1335 1376">
    <p class='ocr_par' dir='ltr' id='par_1_24' title="bbox 1025 1342 1335 1376">
     <span class='ocr_line' id='line_1_61' title="bbox 1025 1342 1335 1376; baseline -0.003 -1"><span class='ocrx_word' id='word_1_233' title='bbox 1025 1344 1074 1376; x_wconf 91' lang='lat' dir='ltr'>In</span> <span class='ocrx_word' id='word_1_234' title='bbox 1100 1342 1335 1375; x_wconf 85' lang='lat' dir='ltr'>Laudibus.</span> 
     </span>
    </p>
   </div>
   <div class='ocr_carea' id='block_1_20' title="bbox 864 1399 1494 1626">
    <p class='ocr_par' dir='ltr' id='par_1_25' title="bbox 864 1399 1494 1626">
     <span class='ocr_line' id='line_1_62' title="bbox 1051 1399 1310 1436; baseline -0.004 -9"><span class='ocrx_word' id='word_1_235' title='bbox 1051 1399 1147 1436; x_wconf 82' lang='lat' dir='ltr'>Super</span> <span class='ocrx_word' id='word_1_236' title='bbox 1166 1399 1310 1427; x_wconf 83' lang='lat' dir='ltr'>Psalmos.</span> 
     </span>
     <span class='ocr_line' id='line_1_63' title="bbox 864 1448 1388 1489; baseline -0.008 -6"><span class='ocrx_word' id='word_1_237' title='bbox 864 1451 904 1483; x_wconf 88' lang='lat' dir='ltr'>A.</span> <span class='ocrx_word' id='word_1_238' title='bbox 935 1449 982 1481; x_wconf 90' lang='lat' dir='ltr'>Te</span> <span class='ocrx_word' id='word_1_239' title='bbox 1008 1458 1077 1480; x_wconf 90' lang='lat' dir='ltr'>cum</span> <span class='ocrx_word' id='word_1_240' title='bbox 1096 1449 1218 1489; x_wconf 87' lang='lat' dir='ltr'>angelis</span> <span class='ocrx_word' id='word_1_241' title='bbox 1244 1448 1388 1489; x_wconf 84' lang='lat' dir='ltr'>laudare,</span> 
     </span>
     <span class='ocr_line' id='line_1_64' title="bbox 983 1495 1494 1537; baseline -0.004 -9"><span class='ocrx_word' id='word_1_242' title='bbox 983 1496 1051 1528; x_wconf 87' lang='lat' dir='ltr'>Fac</span> <span class='ocrx_word' id='word_1_243' title='bbox 1070 1506 1128 1528; x_wconf 93' lang='lat' dir='ltr'>nos</span> <span class='ocrx_word' id='word_1_244' title='bbox 1153 1497 1187 1527; x_wconf 87' lang='lat' dir='ltr'>in</span> <span class='ocrx_word' id='word_1_245' title='bbox 1214 1495 1320 1537; x_wconf 81' lang='lat' dir='ltr'>caeliS,</span> <span class='ocrx_word' id='word_1_246' title='bbox 1347 1495 1494 1535; x_wconf 87' lang='lat' dir='ltr'>Domine,</span> 
     </span>
     <span class='ocr_line' id='line_1_65' title="bbox 936 1544 1388 1585; baseline -0.004 -9"><span class='ocrx_word' id='word_1_247' title='bbox 936 1545 982 1576; x_wconf 86' lang='lat' dir='ltr'>Et</span> <span class='ocrx_word' id='word_1_248' title='bbox 1005 1544 1059 1576; x_wconf 81' lang='lat' dir='ltr'>hic</span> <span class='ocrx_word' id='word_1_249' title='bbox 1084 1544 1181 1585; x_wconf 79' lang='lat' dir='ltr'>&lt;ligne</span> <span class='ocrx_word' id='word_1_250' title='bbox 1203 1544 1388 1576; x_wconf 74' lang='lat' dir='ltr'>ministrare</span> 
     </span>
     <span class='ocr_line' id='line_1_66' title="bbox 983 1591 1360 1626; baseline -0.003 -3"><span class='ocrx_word' id='word_1_251' title='bbox 983 1591 1058 1624; x_wconf 87' lang='lat' dir='ltr'>Tibi</span> <span class='ocrx_word' id='word_1_252' title='bbox 1087 1592 1127 1624; x_wconf 88' lang='lat' dir='ltr'>de</span> <span class='ocrx_word' id='word_1_253' title='bbox 1152 1594 1206 1623; x_wconf 90' lang='lat' dir='ltr'>tuo</span> <span class='ocrx_word' id='word_1_254' title='bbox 1232 1591 1360 1626; x_wconf 82' lang='lat' dir='ltr'>lumine.</span> 
     </span>
    </p>
   </div>
   <div class='ocr_carea' id='block_1_21' title="bbox 869 1652 1497 2114">
    <p class='ocr_par' dir='ltr' id='par_1_26' title="bbox 869 1652 1497 1931">
     <span class='ocr_line' id='line_1_67' title="bbox 1052 1652 1305 1680; baseline -0.004 0"><span class='ocrx_word' id='word_1_255' title='bbox 1052 1652 1098 1680; x_wconf 83' lang='lat' dir='ltr'>Ad</span> <span class='ocrx_word' id='word_1_256' title='bbox 1117 1652 1305 1680; x_wconf 81' lang='lat' dir='ltr'>Benedictus.</span> 
     </span>
     <span class='ocr_line' id='line_1_68' title="bbox 869 1697 1289 1739; baseline -0.005 -9"><span class='ocrx_word' id='word_1_257' title='bbox 869 1699 909 1730; x_wconf 84' lang='lat' dir='ltr'>A.</span> <span class='ocrx_word' id='word_1_258' title='bbox 940 1697 1067 1738; x_wconf 75' lang='lat' dir='ltr'>AngeH,</span> <span class='ocrx_word' id='word_1_259' title='bbox 1094 1697 1289 1739; x_wconf 80' lang='lat' dir='ltr'>archangeli,</span> 
     </span>
     <span class='ocr_line' id='line_1_69' title="bbox 937 1745 1365 1785; baseline -0.005 -8"><span class='ocrx_word' id='word_1_260' title='bbox 937 1745 1151 1785; x_wconf 83' lang='lat' dir='ltr'>Principatus‚</span> <span class='ocrx_word' id='word_1_261' title='bbox 1178 1747 1365 1785; x_wconf 70' lang='lat' dir='ltr'>potestates,</span> 
     </span>
     <span class='ocr_line' id='line_1_70' title="bbox 935 1792 1361 1835; baseline -0.007 -8"><span class='ocrx_word' id='word_1_262' title='bbox 935 1794 1090 1835; x_wconf 83' lang='lat' dir='ltr'>Virtutes,</span> <span class='ocrx_word' id='word_1_263' title='bbox 1118 1792 1361 1834; x_wconf 82' lang='lat' dir='ltr'>dominationes,</span> 
     </span>
     <span class='ocr_line' id='line_1_71' title="bbox 982 1840 1497 1873; baseline -0.004 0"><span class='ocrx_word' id='word_1_264' title='bbox 982 1841 1103 1873; x_wconf 88' lang='lat' dir='ltr'>Throni</span> <span class='ocrx_word' id='word_1_265' title='bbox 1139 1841 1242 1872; x_wconf 84' lang='lat' dir='ltr'>sancti</span> <span class='ocrx_word' id='word_1_266' title='bbox 1269 1843 1301 1872; x_wconf 90' lang='lat' dir='ltr'>et</span> <span class='ocrx_word' id='word_1_267' title='bbox 1326 1840 1497 1873; x_wconf 88' lang='lat' dir='ltr'>Cherubim</span> 
     </span>
     <span class='ocr_line' id='line_1_72' title="bbox 982 1887 1408 1931; baseline -0.005 -10"><span class='ocrx_word' id='word_1_268' title='bbox 982 1889 1027 1921; x_wconf 91' lang='lat' dir='ltr'>Et</span> <span class='ocrx_word' id='word_1_269' title='bbox 1051 1889 1202 1922; x_wconf 83' lang='lat' dir='ltr'>ardentes</span> <span class='ocrx_word' id='word_1_270' title='bbox 1230 1887 1408 1931; x_wconf 81' lang='lat' dir='ltr'>Seraphim,</span> 
     </span>
    </p>

    <p class='ocr_par' dir='ltr' id='par_1_27' title="bbox 937 1937 1394 2023">
     <span class='ocr_line' id='line_1_73' title="bbox 937 1937 1394 1976; baseline -0.002 -7"><span class='ocrx_word' id='word_1_271' title='bbox 937 1939 966 1969; x_wconf 89' lang='lat' dir='ltr'><strong>A</strong></span> <span class='ocrx_word' id='word_1_272' title='bbox 992 1938 1133 1976; x_wconf 83' lang='lat' dir='ltr'>peccatis</span> <span class='ocrx_word' id='word_1_273' title='bbox 1157 1946 1216 1969; x_wconf 84' lang='lat' dir='ltr'>nos</span> <span class='ocrx_word' id='word_1_274' title='bbox 1241 1937 1394 1969; x_wconf 81' lang='lat' dir='ltr'>mundato</span> 
     </span>
     <span class='ocr_line' id='line_1_74' title="bbox 983 1985 1310 2023; baseline -0.003 -5"><span class='ocrx_word' id='word_1_275' title='bbox 983 1986 1098 2018; x_wconf 85' lang='lat' dir='ltr'>Vestro</span> <span class='ocrx_word' id='word_1_276' title='bbox 1123 1985 1310 2023; x_wconf 86' lang='lat' dir='ltr'>ministerio,</span> 
     </span>
    </p>

    <p class='ocr_par' dir='ltr' id='par_1_28' title="bbox 936 2032 1378 2114">
     <span class='ocr_line' id='line_1_75' title="bbox 936 2032 1296 2078; baseline -0.006 -12"><span class='ocrx_word' id='word_1_277' title='bbox 936 2033 1033 2067; x_wconf 88' lang='lat' dir='ltr'>Cuius</span> <span class='ocrx_word' id='word_1_278' title='bbox 1059 2042 1122 2078; x_wconf 86' lang='lat' dir='ltr'>ope</span> <span class='ocrx_word' id='word_1_279' title='bbox 1148 2032 1296 2073; x_wconf 87' lang='lat' dir='ltr'>colligate</span> 
     </span>
     <span class='ocr_line' id='line_1_76' title="bbox 981 2081 1378 2114; baseline 0.003 -1"><span class='ocrx_word' id='word_1_280' title='bbox 981 2081 1048 2113; x_wconf 87' lang='lat' dir='ltr'>Nos</span> <span class='ocrx_word' id='word_1_281' title='bbox 1075 2084 1181 2113; x_wconf 88' lang='lat' dir='ltr'>vestro</span> <span class='ocrx_word' id='word_1_282' title='bbox 1207 2081 1378 2114; x_wconf 82' lang='lat' dir='ltr'>consortio.</span> 
     </span>
    </p>
   </div>
   <div class='ocr_carea' id='block_1_22' title="bbox 866 2158 1480 2497">
    <p class='ocr_par' dir='ltr' id='par_1_29' title="bbox 866 2158 1480 2497">
     <span class='ocr_line' id='line_1_77' title="bbox 1008 2158 1362 2198; baseline 0.003 -8"><span class='ocrx_word' id='word_1_283' title='bbox 1008 2159 1053 2190; x_wconf 89' lang='lat' dir='ltr'>In</span> <span class='ocrx_word' id='word_1_284' title='bbox 1081 2160 1112 2190; x_wconf 87' lang='lat'>2.</span> <span class='ocrx_word' id='word_1_285' title='bbox 1140 2158 1250 2198; x_wconf 89' lang='lat' dir='ltr'>Vesp</span> <span class='ocrx_word' id='word_1_286' title='bbox 1265 2159 1362 2192; x_wconf 80' lang='lat' dir='ltr'>eris.</span> 
     </span>
     <span class='ocr_line' id='line_1_78' title="bbox 1058 2214 1305 2252; baseline 0 -10"><span class='ocrx_word' id='word_1_287' title='bbox 1058 2215 1105 2242; x_wconf 86' lang='lat' dir='ltr'>Ad</span> <span class='ocrx_word' id='word_1_288' title='bbox 1124 2214 1305 2252; x_wconf 80' lang='lat' dir='ltr'>Magnificat.</span> 
     </span>
     <span class='ocr_line' id='line_1_79' title="bbox 866 2264 1357 2307; baseline 0.002 -10"><span class='ocrx_word' id='word_1_289' title='bbox 866 2266 906 2299; x_wconf 91' lang='lat' dir='ltr'>A.</span> <span class='ocrx_word' id='word_1_290' title='bbox 942 2265 1058 2298; x_wconf 89' lang='lat' dir='ltr'>Omnes</span> <span class='ocrx_word' id='word_1_291' title='bbox 1082 2264 1188 2296; x_wconf 89' lang='lat' dir='ltr'>Deum</span> <span class='ocrx_word' id='word_1_292' title='bbox 1214 2265 1357 2307; x_wconf 84' lang='lat' dir='ltr'>adorate,</span> 
     </span>
     <span class='ocr_line' id='line_1_80' title="bbox 987 2313 1411 2357; baseline 0.005 -13"><span class='ocrx_word' id='word_1_293' title='bbox 987 2313 1050 2345; x_wconf 92' lang='lat' dir='ltr'>Vos</span> <span class='ocrx_word' id='word_1_294' title='bbox 1078 2313 1214 2346; x_wconf 85' lang='lat' dir='ltr'>virtutes</span> <span class='ocrx_word' id='word_1_295' title='bbox 1239 2314 1411 2357; x_wconf 85' lang='lat' dir='ltr'>angelicae,</span> 
     </span>
     <span class='ocr_line' id='line_1_81' title="bbox 940 2361 1417 2401; baseline 0.004 -8"><span class='ocrx_word' id='word_1_296' title='bbox 940 2362 1006 2401; x_wconf 81' lang='lat' dir='ltr'>Quo</span> <span class='ocrx_word' id='word_1_297' title='bbox 1033 2361 1142 2394; x_wconf 83' lang='lat' dir='ltr'>audito</span> <span class='ocrx_word' id='word_1_298' title='bbox 1170 2365 1256 2394; x_wconf 85' lang='lat' dir='ltr'>stent</span> <span class='ocrx_word' id='word_1_299' title='bbox 1278 2363 1417 2395; x_wconf 83' lang='lat' dir='ltr'>laetatae</span> 
     </span>
     <span class='ocr_line' id='line_1_82' title="bbox 988 2409 1480 2453; baseline 0.008 -11"><span class='ocrx_word' id='word_1_300' title='bbox 988 2409 1130 2444; x_wconf 74' lang='lat' dir='ltr'>Nostrae</span> <span class='ocrx_word' id='word_1_301' title='bbox 1154 2415 1276 2443; x_wconf 74' lang='lat' dir='ltr'>mentes</span> <span class='ocrx_word' id='word_1_302' title='bbox 1301 2411 1480 2453; x_wconf 81' lang='lat' dir='ltr'>magnifice.</span> 
     </span>
     <span class='ocr_line' id='line_1_83' title="bbox 1283 2466 1328 2497; baseline 0 -15"><span class='ocrx_word' id='word_1_303' title='bbox 1283 2466 1328 2497; x_wconf 65' lang='lat'>4*</span> 
     </span>
    </p>
   </div>
  </div>
 </body>
</html>
