1653 2567
715 121 977 157 -150—

268 218 400 259 Suscipe
422 228 479 251 nos
504 219 536 251 in
563 218 674 259 gloria,

312 266 437 299 Christo
462 267 529 307 regi
556 266 759 307 complaceat,

357 313 404 348 Ut
426 313 493 347 fiat.

320 437 366 469 In
390 437 420 471 1.
447 437 678 470 Nocturno.

405 512 599 549 Antiphonae.

207 570 238 602 1.
261 570 300 602 In
323 569 407 601 viam
431 579 494 602 non
518 571 598 602 abiit

311 617 377 649 Iste
401 620 613 662 peccatorum,

260 664 415 697 Meditari
438 666 538 697 voluit

310 711 428 751 Legem
452 712 682 745 mandatorum.

210 778 242 811 2.
268 776 425 809 Insensati
449 778 540 818 impii

312 824 414 863 Quare
438 824 657 857 fremuerunt?

264 871 377 903 Potum
401 873 513 905 mortis
536 872 596 904 filii

316 919 406 951 Patri
430 919 618 952 tribuerunt.

208 986 239 1017 3.
267 984 391 1016 Vitrum
414 983 511 1025 fregit
537 984 681 1028 famulus,

314 1031 441 1063 Domini
466 1035 515 1063 est
535 1033 629 1073 salus,

265 1077 351 1109 Fuso
376 1079 445 1111 viro
469 1080 640 1111 monachus

313 1125 493 1157 Hebetatur
513 1127 625 1158 malus.

400 1209 606 1244 Responsoria.

212 1263 241 1297 1.
269 1264 399 1302 Quando
424 1268 516 1305 pater
537 1265 611 1298 filiis

316 1312 378 1343 Per
402 1316 508 1344 natum
536 1313 592 1345 dat
615 1322 735 1353 pacem,

270 1358 363 1390 Orbis
389 1360 468 1391 actis
494 1360 619 1392 circulis

316 1406 561 1446 Quadringentis
589 1408 706 1447 decem,

270 1451 402 1485 Satanas
429 1462 495 1485 cum
523 1455 608 1486 vitiis

318 1499 358 1531 Se
383 1504 475 1540 parat
500 1502 541 1533 ad
566 1511 692 1541 necem3

201 1547 240 1579 V.
269 1546 460 1579 Benedictus
489 1549 634 1592 mittitur,

268 1593 367 1626 Novis
393 1596 489 1627 armis
514 1596 623 1640 utitur,

315 1640 440 1674 Novum
465 1645 574 1682 portat
599 1652 715 1675 ensem.

207 1707 238 1738 2.
261 1706 359 1738 Fides
383 1706 474 1740 firma
500 1709 629 1750 clipeus,

314 1752 437 1786 Caritas
461 1756 571 1796 lorica,

264 1801 391 1833 Lancea
415 1811 498 1843 spes,
524 1803 647 1835 balteus

311 1848 418 1881 Pietas
443 1851 553 1890 amica,

266 1895 359 1935 Aqua
382 1895 451 1928 fluit
476 1899 596 1930 rivulus

313 1943 488 1984 Paupertas
511 1946 634 1986 cupita3

199 1990 235 2022 V.
267 1989 370 2021 Vilem
394 1993 490 2024 vestit
514 1994 691 2034 paenulam,

267 2036 396 2070 Sacram
422 2040 551 2079 scripsit
574 2042 715 2081 regulam

315 2085 422 2118 Verba
448 2088 503 2119 dat
526 2089 656 2123 mellita.

207 2151 240 2183 3.
263 2150 437 2184 Multitudo
461 2154 597 2186 militum

310 2197 459 2238 Sequitur
483 2201 567 2234 hunc
593 2203 714 2243 ducem,

265 2244 424 2279 Christum
448 2257 554 2289 regem
579 2251 719 2290 agnitum

310 2294 417 2335 Atque
440 2305 548 2329 veram
573 2298 675 2330 lucem

263 2340 467 2384 Profitentur,
495 2345 638 2378 deditum

311 2388 411 2422 Morti
436 2401 532 2432 super
558 2402 700 2435 crucen13

874 217 916 254 V.
948 219 1070 252 Horum
1094 219 1161 253 vita
1182 219 1341 252 saeculum

945 267 1055 308 Lucet,
1081 268 1199 299 mundo
1222 268 1370 308 poculum

990 315 1148 356 Propinat
1171 314 1306 350 felicem.

1007 410 1053 442 In
1078 412 1109 444 2.
1133 411 1192 443 No
1206 413 1367 444 cturno.

1086 485 1281 522 Antiphonae.

887 543 919 576 1.
945 542 1094 575 Sanctum
1119 552 1209 575 suum
1233 544 1389 576 Dominus

991 590 1086 623 Hunc
1110 590 1300 635 mirificavit,

947 637 1044 677 Quem
1070 638 1102 669 in
1129 639 1215 670 caelo
1240 639 1364 678 plenius

994 684 1068 717 Cum
1095 684 1285 725 glorificavit

887 744 918 776 2.
945 741 1039 774 Scuto
1065 741 1126 773 Dei
1150 742 1274 783 genitus

992 789 1100 821 Bonae
1123 790 1295 822 voluntatis

944 836 1036 876 Suae,
1061 845 1121 876 quo
1147 846 1215 869 sum
1241 838 1377 880 agnitus,

993 884 1103 916 Induit
1127 893 1177 915 me
1201 885 1310 924 gratis.

888 942 918 974 3.
944 940 994 972 Ex
1017 949 1071 972 ore
1095 941 1280 973 lactantium

991 986 1161 1020 Perfecisti
1188 989 1326 1030 laudem,

945 1034 992 1067 Ut
1015 1044 1082 1066 mos
1108 1038 1157 1066 est
1179 1035 1358 1077 infantium,

991 1082 1055 1114 Hic
1078 1091 1140 1114 non
1166 1082 1243 1114 fecit
1263 1084 1379 1116 labem.

1082 1157 1288 1193 Responsoria.

890 1215 921 1248 1.
946 1214 1034 1254 Ales,
1063 1215 1166 1246 dictus
1191 1216 1323 1256 merula,

945 1261 1028 1293 Dum
1052 1266 1182 1293 vacaret
1205 1264 1308 1303 gratia

996 1308 1288 1351 Contemplationis,

947 1355 1048 1396 Nigra
1072 1357 1158 1389 volat
1183 1358 1322 1398 garrula,

948 1403 1010 1434 Sed
1041 1404 1177 1435 carnalis
1205 1406 1317 1437 nuntia

994 1450 1055 1482 Est,
1079 1452 1313 1493 temptationis3

877 1496 914 1527 V.
945 1497 1038 1529 Mens
1063 1499 1233 1537 perhorret
1257 1500 1344 1541 vitia,

947 1544 1039 1576 Hanc
1064 1544 1154 1586 fugat
1176 1548 1316 1587 propitia

995 1592 1104 1624 Virtus
1128 1594 1294 1633 passionis.

893 1649 924 1679 2.
951 1648 1116 1681 Placidum
1143 1650 1332 1691 discipulum

946 1695 1031 1727 Hinc
1053 1705 1111 1737 per
1134 1697 1282 1730 Maurum
1307 1701 1450 1733 sedulum

992 1743 1107 1775 Traxit
1132 1745 1172 1777 de
1195 1747 1347 1793 procella,

946 1790 982 1821 In
1012 1794 1135 1830 patrem
1162 1796 1191 1824 et:
1217 1792 1316 1826 filium

947 1837 1085 1877 Propter
1108 1839 1169 1871 hoc
1193 1841 1380 1875 miraculum

993 1886 1052 1917 Pia
1075 1893 1209 1928 surgunt,
1233 1889 1336 1933 be11a3

877 1931 914 1963 V.
943 1932 1008 1964 Per
1032 1935 1133 1973 patris
1159 1937 1321 1968 oraculum

946 1979 1084 2012 Tollitur
1107 1983 1277 2025 piaculum,

992 2027 1076 2059 Dum
1101 2034 1172 2062 orat
1195 2032 1229 2063 in
1255 2033 1345 2067 cella.

1010 2123 1055 2154 In
1081 2126 1112 2157 3.
1139 2125 1368 2161 Nocturno.

1089 2199 1286 2236 Antiphonae.

888 2255 919 2287 1.
945 2255 1009 2287 Hic
1036 2257 1086 2289 vir
1111 2259 1179 2291 sine
1201 2262 1327 2294 macula

994 2304 1081 2336 Vixit
1106 2306 1174 2339 Deo
1200 2317 1266 2350 suo,

946 2351 1056 2384 Manet
1082 2364 1166 2386 nunc
1190 2356 1224 2388 in
1249 2358 1352 2397 gloria

992 2400 1104 2433 Monte
1129 2407 1238 2437 sancto
1264 2408 1329 2441 tuo,
