1655 2568
757 164 800 168 —
851 142 1017 178 243—

423 236 483 268 Ad
508 236 689 273 Laudes

447 330 646 366 Antiphonae.

243 417 274 450 1.
304 416 439 450 Gemma
463 419 521 450 sub
547 421 637 451 terra
660 420 756 451 latuit

350 465 512 506 Despecto
536 467 646 499 iacens
673 467 790 508 loculo,

303 513 400 546 Cuius
427 514 529 546 virtus
554 515 708 554 apparuit

345 561 522 602 Multiplici
548 562 715 595 miraculo.

244 639 276 671 2.
304 639 429 678 Corpus
455 647 591 682 sacrum,
621 639 705 679 quod
732 637 838 671 fuerat

348 687 517 727 Apotheca
544 687 781 726 charismatum,

300 733 491 767 Universam
518 737 690 775 exsuperat

348 782 575 823 Fragrantiam
600 784 787 814 aromatum.

241 859 272 891 3.
301 858 437 891 Glebam
462 860 547 891 sacri
573 859 717 899 corporis

345 907 434 939 Odor
458 908 653 948 propalavit,

300 954 400 993 Quam
426 955 566 995 neglecti
591 954 746 995 temporis

347 1002 468 1035 Cursus
494 1003 678 1036 occultavit.

239 1079 271 1110 4.
297 1078 423 1110 Tumba
448 1079 532 1111 mira
556 1078 735 1119 fragrantia

345 1125 549 1159 Profundens
575 1127 640 1158 vim
666 1127 784 1170 odoris,

299 1173 406 1206 Corda
430 1174 541 1206 reddit
565 1174 715 1206 ardentia

346 1222 383 1253 In
409 1222 537 1254 laudem
563 1222 744 1254 salvatoris.

299 1288 385 1315 Brev.
401 1296 454 1315 ms.
468 1288 709 1316 Praedicator-um
720 1287 926 1315 Vindobonen.
943 1296 965 1315 s.
981 1296 1010 1314 n.
1022 1296 1097 1315 saec.
1113 1284 1157 1314 15.
1168 1287 1202 1314 A.

936 242 966 274 5.
994 240 1156 280 Superans
1182 238 1391 280 fragrant-iam

1042 288 1130 321 Odor
1152 287 1386 328 pigmentorum

995 336 1161 370 Cumulum
1188 338 1220 366 et
1243 335 1378 376 gloriam

1040 383 1202 416 Monstrat
1225 383 1451 423 praemiorum.

1111 458 1158 485 Ad
1177 458 1364 485 Benedictus.

921 517 961 551 A.
993 517 1018 550 O
1045 518 1180 557 quantus
1205 519 1318 556 stupor
1343 516 1465 558 populi,

1040 565 1165 605 Quanta
1191 562 1329 595 fratrum
1353 564 1490 604 laetitia,

991 612 1077 644 Dum
1101 612 1171 644 loco
1196 612 1279 643 sacri
1305 612 1418 643 tumuli

1039 660 1126 692 Mira
1149 659 1258 698 prodit
1283 658 1471 701 fragrantia,

993 707 1133 741 Currunt
1157 715 1249 738 senes
1276 709 1308 738 et
1333 707 1459 747 parvuli

1039 756 1092 788 Ad
1111 754 1216 786 sancti
1238 754 1403 789 beneficia.

1057 851 1104 883 In
1129 852 1161 883 2.
1187 850 1410 891 Vesperis.

1103 924 1151 952 Ad
1168 924 1350 961 Magnificat.

917 984 957 1017 A.
990 983 1015 1015 Ο
1041 984 1206 1024 speculum
1227 984 1415 1023 munditiae,

1039 1030 1154 1064 Carnis
1181 1039 1293 1063 carens
1318 1031 1484 1071 spurcitia,

990 1078 1079 1110 Tuae
1105 1078 1244 1110 colentes
1271 1079 1369 1110 hodie

1037 1126 1272 1158 Translationis
1300 1126 1417 1166 gaudia

991 1171 1147 1205 Transfer
1175 1174 1217 1205 ad
1243 1183 1375 1214 regnum
1401 1174 1522 1214 gloriae

1039 1222 1118 1254 Post
1141 1221 1234 1253 huius
1260 1222 1347 1254 vitae
1370 1221 1485 1253 stadia.

1267 1288 1324 1315 Bre
1336 1297 1352 1313 r.
1364 1296 1416 1315 m...
1429 1287 1548 1315 Praedi-

226 1328 358 1352 catorum
379 1334 456 1354 saec.
479 1324 554 1354 ¹⁴l15.
596 1325 666 1353 Cod.
692 1326 765 1354 bibl.
793 1326 874 1361 publ.
897 1326 1067 1354 Olomucen.
1088 1326 1104 1354 I
1124 1325 1198 1353 VIII
1220 1324 1248 1353 4.
1269 1326 1302 1353 B.
1324 1340 1362 1344 —
1381 1326 1467 1353 Brev.
1494 1335 1547 1353 me.

223 1364 465 1392 Praedicatorum
496 1373 572 1392 saec.
597 1362 641 1391 14.
684 1363 753 1391 Cod.
778 1364 851 1392 bibl.
878 1364 1044 1392 Rossianae
1065 1372 1088 1391 s.
1109 1372 1137 1390 n.
1160 1364 1190 1391 Ο.
1211 1380 1248 1383 -
1269 1364 1354 1392 Brev.
1382 1373 1426 1391 ms
1460 1364 1529 1392 Prae

221 1402 387 1430 dicatorum
407 1411 483 1430 saec.
502 1401 544 1430 15.
589 1402 659 1430 Ood.
683 1403 886 1430 Constantien.
911 1399 994 1430 1393.
1015 1403 1053 1430 D.
1074 1416 1112 1421 -.
1132 1402 1219 1430 Brev.
1238 1411 1291 1430 ms.
1306 1402 1547 1430 Praedicatorum

222 1448 298 1467 saec.
326 1439 369 1468 15.
413 1440 481 1468 God.
514 1441 707 1476 Bambergen.
737 1440 793 1467 Ed.
815 1441 873 1468 VII
894 1438 920 1468 3.
941 1440 977 1468 E.

1066 1442 1150 1469 Brev.
1182 1450 1235 1469 ms.
1256 1441 1496 1469 Praedicatorum
1517 1442 1549 1468 in

222 1478 377 1506 Phorczen
403 1481 475 1506 anni
498 1477 581 1507 1407.
626 1479 696 1506 eod.
725 1478 933 1515 Stuttgartien.
956 1477 971 1506 1
993 1479 1011 1507 b
1032 1477 1079 1507 46.
1100 1480 1131 1507 F.
1154 1494 1188 1497 —
1210 1480 1296 1507 Brev.
1319 1488 1372 1507 ms.
1393 1479 1548 1506 Praelica-

221 1519 319 1544 torum
340 1525 415 1545 saec.
440 1516 485 1545 15.
521 1516 590 1545 Cod.
614 1517 821 1545 Garolsruhan.
842 1518 906 1544 Pm.
928 1514 974 1545 38.
997 1517 1031 1545 G.
1052 1532 1090 1536 —-
1116 1517 1202 1545 Brev.
1216 1518 1457 1545 Praedicator-um
1477 1519 1547 1554 imp.

221 1555 367 1622 ἕξὲἓῗζ
380 1554 461 1583 1514.
484 1556 522 1584 H.
551 1571 590 1575 —
617 1556 676 1583 Die
696 1555 837 1591 Hymnen
863 1556 929 1583 sind
951 1556 1102 1584 dieselben
1122 1557 1180 1583 wie
1200 1565 1266 1583 zum
1286 1556 1549 1592 vorhergehenden

673 1688 718 1719 87.
747 1686 791 1718 De
811 1687 923 1718 sancta
940 1687 1091 1728 Dympna.

357 1767 405 1799 In
432 1767 462 1800 1.
490 1766 707 1807 VesperiS.

439 1833 635 1869 Antiphonae.

237 1893 264 1924 1.
294 1892 393 1925 Sacro
420 1891 499 1924 felix
524 1892 666 1933 germine

340 1940 497 1973 Laetetur
521 1940 692 1980 Hibernia,

293 1988 389 2022 Cuius
413 1988 510 2022 floret
528 1988 682 2030 sanguine

335 2038 479 2071 Iubilans
504 2037 704 2077 Antwerpia.

231 2098 263 2130 2.
291 2095 387 2136 Regis
413 2098 490 2127 nata
515 2095 665 2127 laudibus

335 2143 501 2176 Efferatur
529 2143 643 2186 dignis,

289 2192 328 2225 In
353 2192 404 2224 his
430 2191 616 2224 nationibus

339 2241 458 2273 Potens
485 2242 518 2271 et
541 2239 687 2280 insignis.

231 2300 262 2332 3.
288 2298 387 2331 Velut
411 2298 497 2329 inter
521 2297 656 2330 nebulas

336 2345 439 2378 Stella
462 2346 621 2378 matutina

291 2394 494 2427 Christianae
518 2394 685 2434 splenduit

335 2442 430 2483 Legis
459 2442 641 2482 disciplina.

927 1768 959 1800 4.
986 1768 1095 1800 Patris
1121 1766 1161 1798 ob
1187 1766 1344 1799 insaniam

1031 1816 1076 1847 Et
1101 1823 1241 1847 amorem
1267 1814 1330 1847 Dei

983 1864 1125 1897 Veniens
1151 1863 1372 1903 Antwerpiam

986 1911 1028 1944 Se
1052 1912 1233 1952 placentem
1258 1911 1396 1943 hostiam

1034 1959 1192 1993 Mundam
1217 1959 1300 1991 libat
1324 1960 1363 1993 ei.

925 2050 956 2082 5.
983 2047 1034 2079 Ne
1056 2055 1114 2079 nos
1139 2048 1266 2086 premat
1290 2046 1482 2090 Aegyptius,

1033 2096 1094 2135 Qui
1119 2094 1220 2135 mergi
1244 2103 1351 2126 mares
1376 2095 1524 2136 imperat,

982 2143 1106 2188 Reduc,
1132 2145 1267 2186 martyr,
1294 2143 1329 2175 in
1352 2144 1476 2187 melius,

1033 2191 1125 2232 Quod
1149 2193 1183 2222 te
1207 2191 1377 2223 laudantes
1405 2200 1528 2227 onerat.

1100 2304 1147 2333 Ad
1166 2305 1347 2342 Magnificat.

909 2394 950 2427 A.
980 2394 1093 2435 Beata,
1119 2402 1199 2434 quae
1224 2394 1339 2426 metuit

1026 2442 1119 2476 Metu
1142 2441 1235 2475 filiali

1315 2498 1373 2528 16*
