1653 2567
648 114 906 149 *250*

347 212 392 239 Ad.
410 211 532 239 Nonam.

132 272 170 303 A.
206 270 317 304 Nonae
349 271 474 302 sanctus
498 276 617 301 memor
642 267 747 307 horae,

253 320 321 357 Qua
344 317 478 349 Messias
501 316 646 355 moritur,

202 367 290 398 Intra
315 365 442 397 missam
468 372 523 395 suo
548 370 635 395 more

249 412 386 444 Messiae
414 410 627 449 commoritur,

201 460 295 492 Sacro
313 468 403 491 sacra
427 467 551 489 sumens
577 465 631 489 ore

252 507 305 538 Sic
327 506 421 537 sumit
444 508 475 536 et
498 505 642 544 sumitur,

206 554 294 593 Quod
319 553 481 585 amborum
504 553 537 584 in
562 559 669 584 amore

249 601 311 633 Cor
335 608 430 632 unum
454 598 600 632 efficitur.

266 695 312 726 In
336 695 368 726 2.
393 693 610 733 Vesperis.

343 768 536 805 Antiphonae.

149 827 179 860 1.
208 827 322 866 Quanti
346 829 473 858 sanctus
498 826 540 858 sit
564 825 708 865 nominis,

246 873 366 905 Mortui
390 876 555 915 testantur,

207 921 266 960 Qui
290 921 451 961 utriusque
475 920 609 953 hominis

247 968 353 999 Morte
381 967 578 1007 tenebantur,

203 1014 283 1046 Nam
307 1014 469 1047 Edmundi
492 1015 612 1046 meritis

245 1061 339 1093 Multi
363 1062 564 1093 suscitantur.

146 1120 176 1151 2.
208 1118 284 1150 Cum
310 1119 435 1156 leprosa
461 1118 645 1156 delepratur

248 1165 311 1197 Sub
336 1165 498 1196 Edmundi
524 1165 633 1203 pallio,

200 1212 302 1243 Audit
325 1213 449 1252 surdus,
475 1214 579 1243 mutus
605 1210 692 1243 fatur

249 1259 411 1290 Praesulis
434 1259 605 1298 praesidio,

203 1305 324 1338 Christi
347 1305 428 1337 fides
455 1306 614 1345 dilatatur,

249 1351 401 1384 Laetatur
424 1353 545 1393 religio.

821 210 854 241 3.
880 207 975 241 Caeci
998 205 1120 246 vident,
1146 206 1279 237 currunt
1304 202 1421 246 claudi,

926 254 1044 287 Valent
1066 252 1246 295 paralytici,

875 302 1018 334 Daemon
1047 301 1142 340 cedit,
1169 300 1255 332 salus
1282 299 1377 341 redit,

924 349 1064 389 Surgunt
1089 347 1263 388 epilentiei‚

878 397 989 430 salvat
1013 405 1118 436 sanos,
1145 404 1257 435 aegros
1283 397 1376 426 sanat

925 444 1045 476 Summi
1069 452 1181 475 manus
1206 441 1333 476 medici.

820 512 851 544 4.
877 511 939 550 Qui
964 518 1070 550 prece,
1098 510 1150 549 qui
1175 509 1291 541 merito

924 557 986 589 Tot
1012 556 1185 601 auxiliaris,

878 604 1031 638 Caritatis
1058 604 1166 637 debito

925 652 1026 684 Nobis
1052 652 1201 691 tenearis,

878 699 924 732 Ut
943 708 1001 732 nos
1027 707 1116 731 more
1141 699 1236 731 solito

925 747 1009 779 Tuos
1034 747 1163 779 tuearis.

994 849 1040 877 Ad
1058 849 1239 885 Magnificat.

842 954 848 960 .
880 927 975 959 Suum
1001 926 1142 967 suscepit
1165 935 1298 966 puerum

924 975 1049 1006 Memor
1073 973 1313 1005 misericordiae

882 1023 978 1054 Pater
1002 1024 1076 1060 post
1099 1021 1199 1053 verba
1224 1021 1405 1061 verberum,

927 1068 1016 1101 Sicut
1040 1069 1081 1101 ad
1106 1071 1215 1108 patres
1240 1068 1365 1108 patriae

927 1115 1146 1157 Praedixerat,
1174 1115 1221 1147 sic
1244 1115 1340 1147 hodie

926 1161 1094 1195 Transfert
1104 1163 1144 1194 ad
1156 1164 1304 1195 thronum
1314 1162 1436 1203 gloriae

879 1210 1012 1242 Suorum
1037 1213 1161 1249 patrem
1186 1218 1373 1251 pauperum,

927 1259 1026 1296 Quem
1051 1258 1133 1289 sicut
1158 1267 1272 1289 venam
1298 1258 1409 1289 veniae

879 1305 1047 1344 Rogamus,
1073 1308 1109 1336 ut
1132 1304 1164 1335 in
1190 1307 1354 1345 posterum

923 1349 1028 1383 Simus
1054 1352 1081 1383 ei
1107 1352 1289 1385 memoriae.

209 1435 293 1462 Brev.
315 1443 367 1462 ms.
381 1435 535 1462 Paiisense
549 1434 665 1469 (Pairis)
685 1443 759 1463 saec.
777 1433 821 1463 13.
863 1434 931 1462 Cod.
947 1434 1121 1462 Colmarien.
1135 1432 1202 1463 315.
1219 1435 1283 1463 add.
1299 1444 1374 1464 saec.
1392 1435 1435 1464 14.

133 1472 167 1499 A.
186 1488 224 1492 —
245 1473 327 1500 Brev.
347 1481 400 1500 ms.
420 1472 624 1508 Wettingense
643 1481 718 1501 saec.
740 1470 783 1500 15.
819 1472 888 1500 God.
908 1472 1065 1508 Araugien.
1090 1470 1127 1500 W
1148 1472 1165 1499 7
1186 1483 1216 1510 q.
1238 1474 1271 1501 B.
1291 1489 1327 1493 —
1349 1475 1434 1503 Brev.

133 1519 186 1538 ms.
204 1511 394 1537 Cisterciense
412 1518 479 1538 saec
501 1509 542 1538 14.
570 1510 834 1538 Cod.Vallicellan.
855 1510 884 1537 Ο.
899 1508 960 1538 106.
975 1510 1005 1537 C.
1023 1525 1059 1530 —-
1073 1511 1147 1538 Ijrev
1167 1519 1220 1538 ms.
1243 1512 1437 1541 cisterciense

132 1555 207 1575 saec.
231 1546 274 1575 14.
316 1548 384 1576 ch.
412 1548 554 1576 Parisien.
574 1545 657 1576 8882.
678 1549 715 1576 D.
741 1563 777 1567 -—-
802 1549 921 1585 Antiph.
944 1557 996 1576 ms.
1015 1548 1186 1576 Hilariense
1205 1549 1233 1576 V
1259 1552 1329 1578 anni
1353 1548 1434 1579 1632.

130 1585 167 1613 E.
258 1586 285 1613 D
315 1586 437 1621 h‘ginnt
462 1589 515 1613 mit
541 1584 575 1619 R,
597 1584 615 1614 3
645 1586 696 1614 der
723 1584 747 1613 1.
773 1587 872 1621 Noct.;
898 1587 949 1614 das
978 1586 1213 1623 voi-hergehende
1238 1590 1433 1625 ausgcrissem

132 1623 157 1651 E
182 1623 233 1651 hat
252 1632 307 1651 nur
330 1623 376 1651 die
396 1624 475 1652 Teilc
498 1625 547 1651 doz
569 1625 719 1652 Diumale.
744 1639 776 1643 —
795 1626 837 1653 In
861 1623 884 1652 1.
906 1624 953 1652 N(
967 1627 1008 1652 ct.
1032 1622 1052 1650 R
1074 1623 1099 1659 3,
1123 1623 1139 1652 9
1164 1625 1282 1654 {erbum
1303 1628 1434 1655 caritatis

133 1661 164 1688 Ο.
210 1678 222 1681 -
244 1661 283 1688 In
303 1662 330 1689 3.
350 1661 400 1689 No
415 1664 444 1689 st
474 1661 493 1688 R
515 1661 546 1694 1,
566 1661 583 1689 5
605 1662 739 1698 ponderis
762 1662 792 1690 C.
813 1677 847 1682 —-
871 1661 891 1688 R
913 1660 940 1695 2,
961 1660 978 1690 3
1004 1662 1131 1691 Galliam
1154 1662 1184 1690 C.
1207 1678 1244 1682 —
1264 1665 1306 1692 In
1324 1665 1434 1693 Laud.

136 1698 173 1726 ad
193 1697 299 1727 Bened.
321 1699 352 1731 Α,
370 1698 403 1727 15
426 1699 573 1727 Possitum
595 1702 627 1727 (¹.
692 1700 737 1728 Ad
756 1700 844 1728 Prim.
867 1699 898 1736 Α,
914 1700 930 1726 7
951 1701 1019 1729 Non
1034 1703 1186 1728 conterant
1200 1701 1229 1728 C.
1246 1719 1283 1723 —-
1298 1703 1435 1738 Hymnen

138 1736 187 1763 cfr.
207 1737 291 1764 Ana]-
314 1737 363 1769 IV,
384 1738 434 1765 Nr.
456 1735 607 1765 230—-233

589 1877 635 1908 89.
668 1877 710 1908 De
730 1878 837 1908 sancto
857 1877 973 1917 Eligio.

264 1965 308 1996 In
336 1964 366 1997 1.
393 1965 609 2004 vesperis.

344 2048 538 2084 Antiphonae.

148 2126 179 2158 1.
205 2125 289 2157 Dum
315 2126 478 2158 contendit
501 2127 533 2158 in
559 2135 667 2170 agone,

207 2172 270 2213 Spe
294 2174 450 2205 mercedis
476 2176 508 2205 et
533 2182 667 2207 coronae

248 2220 392 2260 Suspirat
417 2220 550 2261 Eligius.

146 2288 176 2319 2.
205 2286 338 2327 Gregcm
363 2296 454 2319 suum
480 2288 660 2320 consolatur

202 2334 331 2373 Dicens,
356 2336 440 2374 quod
465 2345 530 2368 non
553 2338 723 2377 terreatur,

250 2382 342 2415 Licet
365 2382 446 2414 absit
475 2392 615 2423 corpore.

823 1968 854 2000 3.
880 1967 1012 1999 Flentes
1039 1968 1166 2001 dicunt:
1193 1969 1356 2010 miserere,

879 2014 979 2047 Nobis
1005 2015 1091 2047 absit
1114 2015 1175 2048 hoc
1199 2017 1320 2059 videre,

924 2061 1000 2095 Noli
1026 2072 1083 2095 nos
1111 2063 1270 2097 deserere.

821 2129 852 2161 4.
875 2127 1013 2161 Febrem
1039 2129 1136 2162 sentit
1159 2131 1192 2162 in
1218 2140 1253 2163 se
1278 2132 1373 2172 volvi,

881 2176 999 2208 Putans
1024 2185 1083 2216 per
1108 2177 1190 2210 hanc
1213 2179 1276 2211 iam
1301 2181 1419 2214 resolvi

929 2223 1129 2264 Deprecatur
1153 2226 1334 2262 Dominum.

824 2291 853 2322 5.
883 2290 1021 2331 Christe,
1049 2301 1168 2324 memor
1195 2296 1263 2325 esto
1288 2295 1350 2326 mei

881 2338 987 2379 Pacis,
1012 2340 1103 2381 lucis,
1129 2340 1252 2381 requiei

930 2385 1051 2419 Locum
1075 2388 1154 2420 mihi
1179 2389 1294 2424 tribue.
