1655 2568
772 157 814 161 —
867 135 1030 171 273—

250 229 282 261 2.
310 229 374 261 Per
399 230 523 263 Elisaei
549 231 666 264 festum

357 276 497 310 iubilate
522 279 670 318 Domino,

310 324 357 357 Ut
381 333 475 357 omne
502 335 557 358 cor
581 330 738 359 maestum

362 373 552 406 Consoletur
578 375 704 414 gaudio.

250 450 282 482 3.
309 449 417 488 Prope
441 452 618 482 torrentem
644 449 782 484 fluminis

357 497 396 529 In
422 500 511 529 terra
536 498 665 529 deserta

307 545 517 577 Perambulat,
542 545 572 577 vi
598 545 736 577 numinis

360 591 474 625 Gloria
499 602 570 624 cum
595 596 719 633 aperta.

249 670 278 701 4.
310 669 348 701 In
374 677 473 708 opere
499 668 612 701 deifico

356 717 418 748 Per
443 717 642 749 saeculorum
668 717 796 749 saecula

306 764 360 796 Ex
385 773 441 797 ore
466 764 655 804 prophetico

356 813 560 845 Benedicunt
583 812 687 844 Deum
712 810 848 853 singula.

244 890 279 922 5.
305 887 427 928 Magna
453 889 554 921 virtus
579 888 642 920 Dei

311 936 373 967 Per
397 937 546 976 spiritum
571 935 693 968 Elisaei

353 983 440 1016 Mira
465 987 626 1026 operatur,

353 1031 390 1063 In
417 1032 531 1072 quibus
556 1032 741 1063 honoratur.

1118 232 1168 260 Ad
1186 231 1373 260 Benedictus.

928 282 968 314 A.
1001 278 1113 325 Pater,
1140 284 1175 312 tu
1200 280 1359 320 propheta

1047 328 1207 361 Altissimi
1233 327 1367 370 vocaris,

999 376 1143 409 Plurima
1167 379 1292 408 secreta

1047 424 1206 456 Pandisse
1230 422 1438 464 praedicaris,

999 471 1072 503 Duc
1096 481 1153 504 nos
1179 472 1221 503 ad
1246 471 1306 503 Dei
1332 469 1447 502 faciem

999 518 1210 559 Hostiumque
1235 522 1325 551 verte
1349 518 1459 557 aciem,

1046 566 1098 598 Da
1122 567 1246 607 gratiae
1270 566 1447 607 scientiam,

1047 613 1176 647 Peccati
1200 614 1441 654 indulgentiam.

1070 680 1116 712 In
1143 683 1175 713 2.
1203 680 1420 720 Vesperis.

1115 745 1161 773 Ad
1180 745 1361 781 Magnificat.

958 819 966 826 .
999 792 1137 825 Carmeli
1163 794 1275 837 cultor,
1303 794 1442 834 Elisaee,

997 840 1064 872 Nos
1089 842 1244 874 virtutum
1269 845 1359 874 veste
1384 845 1466 885 tege,

993 887 1084 920 Doce
1107 890 1194 921 clare
1218 898 1276 921 nos
1301 889 1335 921 in
1360 890 1431 930 lege

993 935 1038 967 Et,
1062 935 1095 967 in
1121 936 1185 969 fide
1210 939 1331 968 stantes
1358 946 1442 977 rege,

994 983 1149 1016 Transfer
1167 993 1224 1016 nos
1242 985 1283 1016 ad
1296 985 1386 1024 pacis
1399 988 1548 1027 montem,

995 1030 1040 1063 Ut
1065 1035 1226 1071 gustemus
1252 1032 1337 1063 vitae
1362 1031 1492 1067 fontem.

310 1089 395 1115 Brev.
422 1098 475 1115 ms.
503 1087 631 1115 Carmeli
657 1087 880 1122 Abenspergani
909 1087 979 1113 anni
1012 1084 1093 1113 1482.
1135 1088 1207 1116 Cim.
1228 1088 1382 1115 Monaeen.
1403 1086 1487 1117 2502.

230 1127 271 1154 In
299 1124 325 1153 2.
347 1127 449 1154 Noct.
472 1125 494 1152 Α
518 1124 542 1159 1,
566 1123 583 1153 3
607 1126 753 1161 promitte.
775 1140 812 1144 —
834 1122 854 1150 R
876 1122 902 1157 2,
924 1122 941 1151 9
967 1124 1018 1152 scd.
1039 1124 1076 1151 acl
1097 1134 1229 1160 puerum.
1252 1141 1289 1144 —
1310 1127 1345 1153 In
1367 1125 1392 1153 1.
1413 1127 1501 1164 Vefp.
1524 1132 1554 1156 ’.ὃ

230 1165 315 1192 Noct.
345 1164 496 1199 Hymnus:
522 1164 583 1191 Hic
611 1164 691 1198 1›ius;
719 1171 775 1190 nur
802 1163 883 1190 dies:
909 1163 982 1189 zwei
1009 1163 1113 1191 XVorte
1137 1163 1236 1191 finden
1262 1164 1334 1191 sich.
1381 1165 1431 1192 si-
1458 1167 1552 1194 solleu

233 1203 481 1242 xvahi‘scheinlich
502 1202 550 1230 die
569 1203 673 1229 zweite
693 1200 819 1237 Strophe
840 1200 891 1228 des
911 1201 1048 1235 Hymnus
1069 1201 1130 1229 Iste
1150 1202 1299 1230 confessor
1320 1203 1505 1232 bezeichnen.

691 1285 736 1317 96.
767 1286 811 1317 De
832 1285 940 1316 sancto
961 1285 1102 1317 Erasmo.

367 1339 413 1371 In
442 1341 472 1373 1.
501 1338 719 1378 Vesperis.

447 1424 644 1461 Antiphonae.

246 1494 277 1526 1.
304 1492 471 1525 Laudibus
497 1491 674 1533 magnificis

353 1540 503 1574 Celebret
528 1540 664 1572 ecclesia

299 1588 429 1621 Erasmi
453 1587 614 1629 pontificis

349 1637 466 1670 Votiva
491 1636 669 1669 sollemnia.

239 1715 271 1747 2.
297 1715 328 1746 A
354 1714 518 1754 primaevo
544 1716 689 1754 tempore

300 1762 396 1795 Casto
422 1763 533 1804 vigens
559 1771 704 1802 corpore,

348 1809 457 1844 Gratis
481 1811 603 1842 micans
627 1810 768 1843 moribus

350 1859 576 1900 virtutumque
600 1857 743 1892 floribus.

237 1938 269 1971 3.
299 1937 357 1970 Vir
380 1938 569 1977 praeclarae
591 1936 773 1970 sanctitatis

341 1985 483 2018 Pulcher
509 1988 579 2018 erat
606 1984 691 2018 facie

295 2033 513 2075 Geminaeque
538 2034 715 2066 venustatis

342 2082 511 2124 Templum
540 2084 657 2115 decens
680 2083 814 2123 gratiae.

232 2162 266 2194 4.
292 2160 395 2193 Ornat
419 2159 568 2193 floridam
595 2162 732 2192 aetatem

339 2208 447 2241 Decus
472 2209 686 2249 innocentiae,

290 2257 422 2290 Omnem
441 2256 532 2299 fugat
558 2257 733 2290 vanitatem

342 2305 482 2346 Spiritus
508 2305 712 2346 prudentiae.

229 2385 260 2417 5.
287 2381 445 2422 Linguam
470 2382 585 2415 habuit
611 2383 775 2429 disertam,

338 2429 468 2463 Faciem
494 2431 663 2463 amabilem

270 2490 385 2516 Blume,
406 2490 531 2514 Historiae
544 2490 700 2519 rhythmicae.
730 2492 759 2516 V.

991 1338 1036 1370 Et
1059 1339 1225 1371 scientiam
1251 1342 1425 1382 expertam,

1041 1386 1147 1418 Vitam
1173 1387 1397 1419 venerabilem.

919 1443 958 1475 R.
990 1442 1154 1484 Erasmus,
1180 1444 1249 1476 Deo
1277 1444 1424 1483 dilectus,

1042 1491 1162 1524 Christi
1187 1492 1274 1531 plebi
1300 1492 1421 1531 placuit

991 1538 1036 1570 Et
1059 1538 1093 1570 in
1118 1540 1300 1580 praesulem
1327 1540 1446 1573 electus

1037 1586 1149 1619 Talem
1174 1596 1210 1619 se
1234 1587 1387 1632 exhibuit,

990 1634 1081 1673 Quod
1107 1636 1255 1676 gratuitis
1281 1634 1442 1676 perfectus

1039 1682 1136 1715 Velut
1160 1684 1208 1715 sol
1232 1684 1370 1717 emicuit.

917 1732 956 1766 V.
987 1730 1095 1762 Verbo
1121 1730 1213 1763 fulsit,
1237 1736 1269 1764 et.
1295 1732 1442 1772 exemplo

1038 1778 1216 1812 Coruscans
1241 1783 1278 1811 ut
1301 1779 1416 1812 lucifer

987 1827 1033 1859 Et
1057 1828 1205 1859 columna
1229 1828 1292 1860 Dei
1316 1829 1435 1868 templo

1035 1875 1148 1908 Crucis
1175 1876 1259 1917 signi
1284 1875 1429 1917 signifer.

1101 1951 1147 1979 Ad
1168 1951 1350 1988 Magnificat.

914 2000 956 2033 A.
988 1998 1116 2033 Christe
1140 2001 1223 2038 Iesu,
1251 2004 1362 2041 pastor
1387 2001 1478 2046 bone,

983 2047 1080 2088 Legis
1104 2050 1189 2081 lator
1216 2051 1248 2080 et
1272 2054 1416 2093 patrone,

1032 2095 1140 2129 Patris
1167 2097 1336 2137 sapientia,

982 2146 1012 2177 A
1038 2153 1098 2184 quo
1126 2148 1290 2177 strenuum
1316 2148 1478 2186 pastorem

984 2192 1029 2225 Et
1052 2192 1200 2226 idoneum
1230 2194 1394 2226 doctorem

1033 2240 1172 2282 Accepit
1198 2242 1343 2280 ecclesia,

983 2289 1165 2332 Erasmum,
1194 2290 1247 2330 qui
1273 2289 1461 2331 profligatus

1026 2337 1092 2370 Pro
1118 2338 1294 2371 commissis
1320 2339 1431 2372 ovibus

981 2385 1118 2420 Nostros
1145 2390 1275 2420 excuset
1301 2391 1408 2420 reatus

1033 2434 1105 2468 Suis
1128 2436 1228 2469 sacris
1254 2436 1415 2476 precibus

1334 2490 1369 2521 18
