1653 2567
680 131 918 167 —75-

135 225 222 253 nobis
243 225 380 253 omnibus
400 225 434 253 A.
458 240 495 245 --
514 227 589 254 Ibid.
609 226 626 254 7
650 227 736 256 Unda
755 237 857 257 eluere
870 228 903 256 B.
926 242 963 247 —-
979 228 1021 256 In
1040 225 1066 255 2.
1087 227 1191 263 Vesp.
1213 227 1250 254 ad
1267 226 1368 264 Magn.
1383 223 1414 260 Α,
1439 223 1454 253 1

134 263 277 291 Exsultas
292 263 326 291 A.
345 279 383 283 —
405 263 616 299 Hymnen·1n
639 264 663 293 1.
678 266 767 303 Vesp.
798 268 844 295 De
864 266 952 295 stella
971 266 1017 294 sol
1036 267 1164 294 oriturus
1178 263 1279 301 (Mene
1299 251 1456 298 111,188)·

135 300 174 329 ad
193 301 471 330 Noct.:Prae01ari
496 304 590 339 patris
619 304 756 333 Abrahae
773 303 870 335 (Anal.
895 304 953 338 IV,
976 301 1035 339 78);
1060 306 1093 331 in.
1116 304 1214 332 Laud
1242 303 1353 331 Sancta
1372 302 1459 331 Anna

137 340 268 368 exaltata
286 338 372 373 (Ibid.
393 341 426 368 in
446 341 497 369 der
517 341 612 376 Note).

617 491 664 523 25.
695 491 739 523 De
759 492 871 524 sancta
887 494 987 523 Anna.

276 589 321 622 In
349 589 380 622 1.
407 590 628 631 Vesperis.
839 590 870 625 3.
897 590 998 623 Beata
1022 592 1196 633 generatio.

896 639 956 671 Dei
984 639 1141 681 condigna
1166 637 1243 678 filio,

897 686 977 718 Tam
1001 686 1118 719 nobilis
1144 686 1313 727 progenies

898 733 960 766 Est
984 734 1204 774 praedicanda
1228 733 1343 767 milies,

324 664 419 701 Super
437 665 582 694 Psalmos.

138 723 178 755 A.
209 722 313 755 Adest
338 724 401 756 iam
428 723 545 757 festum
572 725 707 764 celebre,

210 772 277 810 Quo
304 773 407 804 mater
430 773 542 804 matris
567 772 707 805 innubae

209 819 361 859 Percepit,
386 820 470 852 vitae
495 819 614 861 gaudia
1038 810 1246 846 Responsoria.

211 866 257 899 Et
281 870 396 906 regnat
417 868 480 900 iam
506 877 575 901 <zum
600 868 688 909 filia,

211 914 293 947 Eam
318 915 454 948 laudare
479 916 643 954 condecet,

210 963 258 996 Ut
281 962 432 1003 precibus
456 973 515 996 nos
541 964 681 996 adiuvet.

331 1038 377 1066 Ad
397 1037 579 1074 Magnificat.

173 1121 179 1127 .
212 1094 305 1128 Felix
331 1098 428 1136 terra,
454 1097 583 1136 pan'ens

261 1143 382 1176 caelum
408 1144 572 1184 trinitatis,

212 1192 251 1224 In
277 1200 337 1231 quo
364 1191 576 1231 corporaliter

257 1238 328 1272 fons
355 1239 533 1272 divinitatis

212 1286 371 1319 Habitare
397 1288 507 1330 voluit,

257 1344 328 1367 reos
355 1345 374 1367 a
396 1335 538 1375 peccatis

208 1380 342 1415 Solvens
369 1383 431 1415 duc
455 1383 498 1415 ad
523 1383 662 1423 patriam

259 1440 402 1464 summae
427 1431 594 1464 claritatis.

275 1547 334 1579 Ad
359 1546 629 1578 Matutinum.

340 1622 549 1650 Invitatorium
554 1641 560 1649 ,

208 1680 263 1713 Ad
287 1680 487 1722 iubilandugn
512 1679 649 1713 Domino

208 1728 289 1761 Toto
316 1736 466 1761 conemur
489 1728 605 1770 animo,

207 1776 267 1816 Qui
290 1779 421 1809 nostrae
445 1779 580 1809 matrem
610 1776 757 1810 dominae

209 1825 299 1858 Caeli
323 1826 445 1857 locavit
469 1826 617 1857 eulmine.

255 1951 303 1984 In
330 1952 360 1985 1.
388 1950 623 1984 Nocturno.

356 2027 553 2065 Antiphonae.

176 2110 183 2120 .
210 2085 330 2119 Beatus
354 2088 465 2118 auctor
489 2087 610 2119 saeculi

208 2134 334 2167 Mundo
362 2134 509 2174 dignatus
536 2134 675 2175 compati

209 2182 351 2222 Stirpem
378 2182 475 2223 elegit
498 2183 642 2216 inclitam

210 2230 402 2271 Sumpturus
434 2232 539 2264 carnis
565 2231 719 2264 trabeam.

176 2317 182 2323 .
211 2289 235 2322 O
263 2297 357 2330 quam
382 2288 461 2321 felix
486 2290 648 2331 prosapia,

208 2338 309 2378 Quam
335 2338 422 2370 Deus
448 2340 523 2370 ante
548 2337 677 2370 saecula

211 2385 470 2419 Praedestinavit
493 2385 585 2426 operi

209 2433 291 2468 Tam
315 2442 418 2475 sacro,
444 2436 512 2468 tam
536 2433 688 2466 mirabili.

865 892 872 899 .
898 867 1024 900 Mariae
1048 868 1231 901 reverentia

898 915 1012 948 Monet
1038 917 1153 948 devota
1175 918 1309 956 peetora

899 963 978 995 Eius
1003 965 1101 996 matri
1129 963 1312 996 dulcisonos

901 1011 1131 1051 congeminare
1156 1011 1283 1051 iubilos,

858 1083 865 1090 .
895 1057 973 1090 Piae
998 1061 1152 1091 conentur
1177 1059 1301 1091 animae

897 1106 1029 1138 Parenti
1055 1106 1268 1140 beatissimae.

864 1189 870 1196 .
898 1162 1045 1203 Laetare,
1070 1166 1174 1195 mater
1196 1164 1320 1205 inolita,

899 1209 1054 1244 Fecunda
1078 1211 1137 1243 tali
1161 1210 1239 1253 filia,

897 1259 948 1290 Tu
972 1267 1107 1299 magnae
1130 1268 1245 1291 munus
1271 1260 1396 1301 gratiae

896 1305 1041 1338 Testaris
1064 1307 1137 1347 ipso
1161 1307 1299 1340 nomine.

824 1353 864 1386 V.
893 1353 1032 1394 Diffusa
1069 1357 1114 1387 esi
1145 1356 1258 1397 qratia
1289 1355 1327 1387 in
1361 1356 1458 1389 labiis

839 1510 870 1541 3.

895 1402 981 1482 igis,
1016 1403 1195 1444 propterea
1233 1403 1397 1436 benedixit
1430 1407 1459 1436 te

934 1459 998 1483 eus.

898 1508 922 1540 O
949 1517 1043 1549 quam
1069 1509 1151 1541 caris
1176 1512 1208 1541 et
1232 1510 1409 1550 praeclaris

899 1557 985 1588 Area
1008 1557 1104 1597 lignis
1129 1557 1208 1589 haee
1232 1558 1367 1599 insignis

945 1604 1004 1637 Est
1030 1607 1198 1645 compacta
1218 1605 1362 1645 caelitus,

896 1652 1019 1685 Urnam
1044 1662 1151 1685 veram
1178 1662 1260 1694 quae
1284 1655 1432 1696 gestavit,

898 1701 936 1733 In
962 1710 1024 1741 qua
1047 1704 1161 1741 partus
1186 1711 1221 1734 se
1243 1702 1364 1735 locavit

943 1749 1048 1789 Vitae,
1074 1750 1137 1783 Dei
1160 1749 1256 1783 filius,

896 1796 921 1831 Ο
947 1798 1054 1838 proles
1079 1798 1307 1839 pulcherrima,

948 1846 1029 1878 cella
1053 1847 1208 1888 paradisi,

898 1894 1053 1928 Fructum
1078 1895 1164 1927 vitae
1188 1895 1348 1935 poscimus

945 1943 1087 1983 peccatis
1112 1943 1201 1976 illisi.

958 2058 1003 2091 In
1032 2059 1325 2092 2.Noctu1·110.

1042 2134 1166 2171 Antipht
1172 2143 1242 2163 rnae.

866 2217 873 2224 .
899 2192 1082 2225 serviamus
1107 2193 1176 2226 Deo
1202 2195 1311 2227 nostro

950 2241 1056 2274 cordis
1083 2251 1154 2274 eum
1179 2242 1313 2283 laetitia,

898 2288 1011 2321 Dulcis
1036 2290 1151 2322 Annae
1176 2291 1354 2324 recolentes

947 2336 1064 2370 festiva
1087 2338 1265 2381 sollemnia,

900 2386 998 2419 Cuius
1023 2395 1120 2427 prece
1143 2387 1235 2421 nobis
1262 2389 1355 2422 detur

948 2434 1024 2476 vita,
1050 2444 1115 2477 pax
1142 2438 1174 2469 et
1196 2437 1308 2478 gloria.
