1653 2567
715 101 974 136 *135—

396 191 606 228 Responsorial

193 255 225 290 1.
252 256 340 288 Deus
366 258 617 303 praemirabilis‚

252 303 373 335 Astans
398 306 465 338 suis
489 307 626 348 stabilis,

251 351 344 383 Omni
369 352 467 385 laude
493 354 622 395 dignum

247 398 369 432 Mirum
395 399 474 432 fecit
497 401 623 442 signum

300 446 535 480 Consolationis

301 494 348 528 Ob
375 504 442 527 rem
469 497 680 537 proditionis:

177 542 215 574 V.
245 543 346 583 Virgo
373 552 443 575 cum
468 545 582 587 oravit,

246 590 285 622 In
310 590 451 623 locustas
476 594 613 626 mutavit

295 639 378 671 Oves
405 639 564 679 opilionis,

188 705 219 738 2.
244 705 311 738 Per
335 709 498 745 pastorem
522 708 655 747 prodita

246 753 357 795 Virgo,
382 754 471 794 patri
492 756 632 796 reddita,

247 801 310 833 Est
334 811 354 833 a
374 805 470 841 patre
494 803 583 836 laesa

247 851 298 882 Ac
322 850 475 889 praedire
499 859 592 884 caesa

288 896 397 937 thue
419 906 516 930 saevo
540 899 662 933 vindici

290 945 428 977 Tradita
454 949 503 978 est
524 947 634 989 iudici,

169 993 207 1024 V.
242 992 319 1033 Ipsa
345 994 430 1033 quod
456 994 649 1027 adhaeserat

241 1040 433 1082 Christoque
457 1043 638 1076 serviverat

290 1089 451 1122 Salvatori
476 1091 625 1131 supplici.

185 1156 215 1188 3.
243 1156 389 1196 Praeses‚
414 1156 481 1188 litis
507 1160 543 1188 ut
566 1158 697 1190 immitis

289 1205 499 1243 Praeavidus,

243 1251 442 1284 Christianos
468 1251 532 1284 fide
558 1261 652 1285 sanos

286 1300 474 1339 Impavidus

239 1348 406 1389 Torquate
430 1356 553 1389 severe,

240 1396 429 1435 Puellulam‚
457 1397 642 1430 ancillulam

237 1444 311 1476 Iesu
337 1444 469 1486 Christi,
498 1453 554 1476 esu
579 1445 665 1478 tristi

239 1492 367 1524 Poenae
391 1501 520 1525 amarae
543 1495 743 1525 tormentare

241 1539 299 1572 Sat
322 1540 447 1581 nititur,
473 1540 555 1572 haec
579 1541 703 1581 patitur

290 1587 406 1622 Fidem
434 1589 551 1621 docens
576 1589 714 1630 popu103

164 1636 204 1670 V.
240 1636 394 1677 Squalido
420 1645 492 1668 cum
516 1638 627 1676 poenis

238 1684 340 1717 Torta
364 1684 541 1717 inamoenis

289 1732 375 1765 Data
402 1736 452 1764 est
477 1733 647 1773 ergastulo,

304 1879 352 1911 In
376 1879 406 1911 3.
436 1877 668 1912 Nocturno.

388 1972 586 2010 Antiphonae.

181 2043 213 2075 1.
239 2041 336 2074 Hanc
359 2042 518 2073 reclusam
546 2050 676 2074 carcere

238 2089 443 2131 'Dignabatur
468 2099 604 2131 pascere

288 2138 411 2173 Christi
438 2138 609 2170 clementia

289 2186 353 2219 Sua
373 2186 570 2226 praesentia.

182 2255 214 2287 2.
245 2253 475 2295 ConsortandQ
504 2253 699 2286 consolando

240 2303 306 2335 Hic
331 2302 467 2345 sanavit,
495 2301 654 2334 sauciavit

289 2351 379 2392 Quod
405 2350 567 2391 praesidis
592 2349 742 2389 impietas

286 2399 333 2431 Et
356 2407 533 2438 poenarum
557 2398 708 2439 gravitas.

888 201 918 232 3.
945 198 1031 231 Hinc
1056 199 1182 244 elatam,
1209 201 1257 232 sic
1281 205 1426 234 sanatam

864 1619 902 1653 V.

943 246 1143 287 Admiratus,
1171 250 1219 280 est
1243 248 1389 281 hortatus

996 294 1140 334 Praeses‚
1165 294 1228 327 diis
1253 298 1340 335 quod
1363 296 1488 342 offerat,

991 341 1090 382 Virgo
1116 343 1201 382 quod
1228 347 1406 384 respuerat.

1078 473 1292 510 Responsoria.

908 584 914 590 .
944 557 1026 590 Usta
1051 558 1274 600 lampadarum
1302 560 1382 594 focis

940 605 979 637 In
1005 606 1072 638 eius
1097 611 1256 641 costarum
1280 609 1362 641 locis

939 652 1001 684 Est
1025 655 1168 687 mamilla
1195 656 1395 695 depraedata

940 700 1139 743 Ungulisque
1163 704 1307 736 lacerata

986 749 1068 782 Diro
1094 758 1163 782 cum
1188 752 1368 791 supplicio;

937 796 1042 836 Caput
1067 797 1134 830 eius
1156 799 1314 838 tunditur,

940 844 1061 877 Cruore
1086 845 1294 885 perfunditur

984 893 1029 924 Et
1054 894 1170 926 teritur
1192 894 1309 928 ciliciO.

902 994 910 1001 .
936 969 1073 1008 Quando
1104 978 1235 1009 praeses
1259 970 1452 1014 impudicus,

938 1016 1106 1050 Castitatis
1131 1018 1289 1061 inimicus,

983 1064 1150 1106 Virginem
1173 1066 1362 1106 nudaverat,

985 1112 1084 1151 Quam
1098 1122 1234 1153 sponsus
1246 1123 1309 1146 non
1328 1114 1499 1155 desiverat,

935 1159 1043 1200 Ipsam
1068 1164 1158 1192 veste
1182 1162 1281 1205 pulla,

935 1207 1051 1241 Tincta
1075 1212 1151 1241 nota
1177 1209 1273 1251 nulla,

982 1256 1126 1297 Angelus
1152 1257 1335 1290 vestiverat.

935 1332 1034 1373 Vir-go
1061 1332 1180 1364 Christi
1203 1337 1325 1373 sancta,

934 1380 1047 1412 Tantis
1072 1382 1184 1420 poenis
1208 1385 1313 1422 ancta,

982 1428 1033 1460 Ne
1060 1427 1153 1460 nobis
1176 1432 1320 1472 negetur,

933 1475 1086 1515 Impetra,
1113 1485 1230 1509 corona

936 1523 1014 1555 Post
1037 1524 1121 1556 hanc
1145 1524 1244 1557 vitam
1269 1524 1363 1565 bona,

982 1571 1047 1604 Sed
1072 1580 1136 1610 pax
1161 1576 1389 1616 praeparetur3

932 1618 971 1651 In
996 1622 1100 1651 morte
1123 1628 1181 1651 nos
1208 1627 1373 1662 conserva,

935 1666 986 1699 Ne
1010 1667 1159 1701 Plutonis
1187 1670 1316 1700 caterva

983 1715 1085 1748 Nobis
1116 1715 1305 1749 dominetur.

1028 1908 1074 1941 In
1099 1908 1332 1941 Laudibus.

1076 2013 1272 2050 Antiphonae.

933 2109 1021 2141 Dum
1047 2118 1177 2150 praeses
1203 2109 1250 2141 nil
1274 2109 1456 2149 proficeret,

933 2157 980 2191 Ut
1007 2167 1026 2189 a
1050 2157 1115 2190 fide
1139 2160 1342 2199 perverteret

932 2205 1096 2246 Virginem
1122 2206 1170 2237 sic
1190 2205 1349 2247 stabilem,

931 2252 1057 2293 Sponso
1087 2263 1144 2285 suo
1169 2253 1320 2297 habilem,

934 2302 1033 2333 Pater
1064 2302 1147 2333 hanc
1171 2302 1303 2346 recepit,

932 2349 1038 2381 Iratus
1064 2350 1212 2390 concepit

978 2398 1089 2438 ipsam
1111 2399 1213 2440 magis
1237 2398 1378 2434 laedere.
