<?xml version="1.0" encoding="UTF-8"?>
<!DOCTYPE html PUBLIC "-//W3C//DTD XHTML 1.0 Transitional//EN"
    "http://www.w3.org/TR/xhtml1/DTD/xhtml1-transitional.dtd">
<html xmlns="http://www.w3.org/1999/xhtml" xml:lang="en" lang="en">
 <head>
  <title>
</title>
<meta http-equiv="Content-Type" content="text/html;charset=utf-8" />
  <meta name='ocr-system' content='tesseract 3.04.00' />
  <meta name='ocr-capabilities' content='ocr_page ocr_carea ocr_par ocr_line ocrx_word'/>
</head>
<body>
  <div class='ocr_page' id='page_1' title='image "./analectahymnica25drevuoft_00144.png"; bbox 0 0 1653 2567; ppageno 0'>
   <div class='ocr_carea' id='block_1_1' title="bbox 679 139 938 174">
    <p class='ocr_par' dir='ltr' id='par_1_1' title="bbox 679 139 938 174">
     <span class='ocr_line' id='line_1_1' title="bbox 679 139 938 174; baseline 0 0"><span class='ocrx_word' id='word_1_1' title='bbox 679 139 938 174; x_wconf 44' lang='lat' dir='ltr'>—141ff</span> 
     </span>
    </p>
   </div>
   <div class='ocr_carea' id='block_1_2' title="bbox 179 230 717 409">
    <p class='ocr_par' dir='ltr' id='par_1_2' title="bbox 179 230 717 409">
     <span class='ocr_line' id='line_1_2' title="bbox 217 230 716 267; baseline 0.008 -5"><span class='ocrx_word' id='word_1_2' title='bbox 217 230 287 262; x_wconf 90' lang='lat' dir='ltr'>Iam</span> <span class='ocrx_word' id='word_1_3' title='bbox 312 230 442 263; x_wconf 86' lang='lat' dir='ltr'>victima</span> <span class='ocrx_word' id='word_1_4' title='bbox 467 233 587 265; x_wconf 85' lang='lat' dir='ltr'>munda</span> <span class='ocrx_word' id='word_1_5' title='bbox 611 234 716 267; x_wconf 87' lang='lat' dir='ltr'>factus</span> 
     </span>
     <span class='ocr_line' id='line_1_3' title="bbox 220 277 687 322; baseline 0.013 -14"><span class='ocrx_word' id='word_1_6' title='bbox 220 277 333 309; x_wconf 79' lang='lat' dir='ltr'>Caelos</span> <span class='ocrx_word' id='word_1_7' title='bbox 358 279 487 311; x_wconf 80' lang='lat' dir='ltr'>scandit,</span> <span class='ocrx_word' id='word_1_8' title='bbox 510 279 687 322; x_wconf 78' lang='lat' dir='ltr'>laureatuS,</span> 
     </span>
     <span class='ocr_line' id='line_1_4' title="bbox 179 324 717 367; baseline 0.009 -11"><span class='ocrx_word' id='word_1_9' title='bbox 179 348 188 356; x_wconf 90' lang='lat'><em>.</em></span> <span class='ocrx_word' id='word_1_10' title='bbox 220 324 327 366; x_wconf 85' lang='lat' dir='ltr'>Cuius,</span> <span class='ocrx_word' id='word_1_11' title='bbox 354 324 491 367; x_wconf 84' lang='lat' dir='ltr'>Christe,</span> <span class='ocrx_word' id='word_1_12' title='bbox 517 335 578 367; x_wconf 89' lang='lat' dir='ltr'>per</span> <span class='ocrx_word' id='word_1_13' title='bbox 601 329 717 361; x_wconf 84' lang='lat' dir='ltr'>merita</span> 
     </span>
     <span class='ocr_line' id='line_1_5' title="bbox 218 371 689 409; baseline 0.015 -7"><span class='ocrx_word' id='word_1_14' title='bbox 218 371 271 403; x_wconf 86' lang='lat' dir='ltr'>Ab</span> <span class='ocrx_word' id='word_1_15' title='bbox 299 372 433 405; x_wconf 81' lang='lat' dir='ltr'>occultis</span> <span class='ocrx_word' id='word_1_16' title='bbox 458 383 517 406; x_wconf 88' lang='lat' dir='ltr'>nos</span> <span class='ocrx_word' id='word_1_17' title='bbox 543 375 689 409; x_wconf 83' lang='lat' dir='ltr'>emunda.</span> 
     </span>
    </p>
   </div>
   <div class='ocr_carea' id='block_1_3' title="bbox 307 458 613 494">
    <p class='ocr_par' dir='ltr' id='par_1_3' title="bbox 307 458 613 494">
     <span class='ocr_line' id='line_1_6' title="bbox 307 458 613 494; baseline 0.013 -4"><span class='ocrx_word' id='word_1_18' title='bbox 307 458 353 490; x_wconf 93' lang='lat' dir='ltr'>In</span> <span class='ocrx_word' id='word_1_19' title='bbox 378 459 613 494; x_wconf 86' lang='lat' dir='ltr'><strong>Laudibus.</strong></span> 
     </span>
    </p>
   </div>
   <div class='ocr_carea' id='block_1_4' title="bbox 353 524 551 560">
    <p class='ocr_par' dir='ltr' id='par_1_4' title="bbox 353 524 551 560">
     <span class='ocr_line' id='line_1_7' title="bbox 353 524 551 560; baseline 0.005 -8"><span class='ocrx_word' id='word_1_20' title='bbox 353 524 551 560; x_wconf 80' lang='lat' dir='ltr'>Antiphonae.</span> 
     </span>
    </p>
   </div>
   <div class='ocr_carea' id='block_1_5' title="bbox 179 573 592 946">
    <p class='ocr_par' dir='ltr' id='par_1_5' title="bbox 179 573 449 615">
     <span class='ocr_line' id='line_1_8' title="bbox 179 573 449 615; baseline -0.004 -9"><span class='ocrx_word' id='word_1_21' title='bbox 179 598 187 606; x_wconf 87' lang='lat'><strong>.</strong></span> <span class='ocrx_word' id='word_1_22' title='bbox 218 573 288 606; x_wconf 82' lang='lat' dir='ltr'>Rex</span> <span class='ocrx_word' id='word_1_23' title='bbox 313 582 449 615; x_wconf 86' lang='lat' dir='ltr'>regnare</span> 
     </span>
    </p>

    <p class='ocr_par' dir='ltr' id='par_1_6' title="bbox 216 621 592 702">
     <span class='ocr_line' id='line_1_9' title="bbox 264 621 592 661; baseline 0.006 -8"><span class='ocrx_word' id='word_1_24' title='bbox 264 621 375 654; x_wconf 86' lang='lat' dir='ltr'>volens</span> <span class='ocrx_word' id='word_1_25' title='bbox 406 622 592 661; x_wconf 84' lang='lat' dir='ltr'>perenniter</span> 
     </span>
     <span class='ocr_line' id='line_1_10' title="bbox 216 668 419 702; baseline -0.005 0"><span class='ocrx_word' id='word_1_26' title='bbox 216 668 330 702; x_wconf 88' lang='lat' dir='ltr'>Virum</span> <span class='ocrx_word' id='word_1_27' title='bbox 356 669 419 702; x_wconf 90' lang='lat' dir='ltr'>Dei</span> 
     </span>
    </p>

    <p class='ocr_par' dir='ltr' id='par_1_7' title="bbox 216 717 572 798">
     <span class='ocr_line' id='line_1_11' title="bbox 267 717 572 760; baseline 0.01 -12"><span class='ocrx_word' id='word_1_28' title='bbox 267 718 373 757; x_wconf 89' lang='lat' dir='ltr'>poscit</span> <span class='ocrx_word' id='word_1_29' title='bbox 398 717 572 760; x_wconf 86' lang='lat' dir='ltr'>humiliter,</span> 
     </span>
     <span class='ocr_line' id='line_1_12' title="bbox 216 765 415 798; baseline -0.005 0"><span class='ocrx_word' id='word_1_30' title='bbox 216 765 261 798; x_wconf 91' lang='lat' dir='ltr'>Ut</span> <span class='ocrx_word' id='word_1_31' title='bbox 286 765 415 798; x_wconf 89' lang='lat' dir='ltr'>ablutus</span> 
     </span>
    </p>

    <p class='ocr_par' dir='ltr' id='par_1_8' title="bbox 215 814 574 894">
     <span class='ocr_line' id='line_1_13' title="bbox 265 814 574 854; baseline 0.006 -9"><span class='ocrx_word' id='word_1_32' title='bbox 265 822 349 853; x_wconf 81' lang='lat' dir='ltr'>aqua</span> <span class='ocrx_word' id='word_1_33' title='bbox 368 814 574 854; x_wconf 81' lang='lat' dir='ltr'>baptismatis</span> 
     </span>
     <span class='ocr_line' id='line_1_14' title="bbox 215 860 382 894; baseline 0.006 -1"><span class='ocrx_word' id='word_1_34' title='bbox 215 860 382 894; x_wconf 90' lang='lat' dir='ltr'>Imbuatur</span> 
     </span>
    </p>

    <p class='ocr_par' dir='ltr' id='par_1_9' title="bbox 267 909 590 946">
     <span class='ocr_line' id='line_1_15' title="bbox 267 909 590 946; baseline 0.012 -4"><span class='ocrx_word' id='word_1_35' title='bbox 267 910 350 942; x_wconf 88' lang='lat' dir='ltr'>dono</span> <span class='ocrx_word' id='word_1_36' title='bbox 377 909 590 946; x_wconf 77' lang='lat' dir='ltr'><strong>charismatis.</strong></span> 
     </span>
    </p>
   </div>
   <div class='ocr_carea' id='block_1_6' title="bbox 329 976 583 1006">
    <p class='ocr_par' dir='ltr' id='par_1_10' title="bbox 329 976 583 1006">
     <span class='ocr_line' id='line_1_16' title="bbox 329 976 583 1006; baseline 0.008 -3"><span class='ocrx_word' id='word_1_37' title='bbox 329 976 376 1004; x_wconf 83' lang='lat' dir='ltr'>Ad</span> <span class='ocrx_word' id='word_1_38' title='bbox 395 976 583 1006; x_wconf 77' lang='lat' dir='ltr'>Benedictus.</span> 
     </span>
    </p>
   </div>
   <div class='ocr_carea' id='block_1_7' title="bbox 173 1024 619 1788">
    <p class='ocr_par' dir='ltr' id='par_1_11' title="bbox 173 1024 619 1788">
     <span class='ocr_line' id='line_1_17' title="bbox 173 1024 438 1066; baseline -0.008 -7"><span class='ocrx_word' id='word_1_39' title='bbox 173 1050 182 1059; x_wconf 88' lang='lat'>.</span> <span class='ocrx_word' id='word_1_40' title='bbox 212 1024 278 1057; x_wconf 88' lang='lat' dir='ltr'>Sub</span> <span class='ocrx_word' id='word_1_41' title='bbox 304 1024 438 1066; x_wconf 86' lang='lat' dir='ltr'>Astrige</span> 
     </span>
     <span class='ocr_line' id='line_1_18' title="bbox 264 1074 558 1107; baseline 0.007 -2"><span class='ocrx_word' id='word_1_42' title='bbox 264 1081 416 1106; x_wconf 89' lang='lat' dir='ltr'>coronam</span> <span class='ocrx_word' id='word_1_43' title='bbox 439 1074 558 1107; x_wconf 81' lang='lat' dir='ltr'>meruit</span> 
     </span>
     <span class='ocr_line' id='line_1_19' title="bbox 214 1121 426 1154; baseline 0 -1"><span class='ocrx_word' id='word_1_44' title='bbox 214 1121 426 1154; x_wconf 85' lang='lat' dir='ltr'>Venerandus</span> 
     </span>
     <span class='ocr_line' id='line_1_20' title="bbox 262 1169 603 1212; baseline 0 -10"><span class='ocrx_word' id='word_1_45' title='bbox 262 1169 384 1202; x_wconf 77' lang='lat' dir='ltr'>Christi</span> <span class='ocrx_word' id='word_1_46' title='bbox 416 1169 603 1212; x_wconf 91' lang='lat' dir='ltr'>discipulus,</span> 
     </span>
     <span class='ocr_line' id='line_1_21' title="bbox 214 1216 450 1250; baseline -0.004 0"><span class='ocrx_word' id='word_1_47' title='bbox 214 1217 323 1250; x_wconf 81' lang='lat' dir='ltr'>Primo</span> <span class='ocrx_word' id='word_1_48' title='bbox 350 1216 450 1249; x_wconf 87' lang='lat' dir='ltr'>fustes</span> 
     </span>
     <span class='ocr_line' id='line_1_22' title="bbox 261 1266 565 1306; baseline 0.003 -10"><span class='ocrx_word' id='word_1_49' title='bbox 261 1268 294 1296; x_wconf 85' lang='lat' dir='ltr'>et</span> <span class='ocrx_word' id='word_1_50' title='bbox 318 1268 392 1306; x_wconf 90' lang='lat' dir='ltr'>post</span> <span class='ocrx_word' id='word_1_51' title='bbox 419 1266 565 1299; x_wconf 76' lang='lat' dir='ltr'>exhibuit</span> 
     </span>
     <span class='ocr_line' id='line_1_23' title="bbox 210 1313 439 1346; baseline 0 0"><span class='ocrx_word' id='word_1_52' title='bbox 210 1314 332 1346; x_wconf 87' lang='lat' dir='ltr'>Ensem</span> <span class='ocrx_word' id='word_1_53' title='bbox 358 1313 439 1346; x_wconf 90' lang='lat' dir='ltr'>collo</span> 
     </span>
     <span class='ocr_line' id='line_1_24' title="bbox 261 1362 619 1407; baseline 0.006 -14"><span class='ocrx_word' id='word_1_54' title='bbox 261 1370 434 1401; x_wconf 75' lang='lat' dir='ltr'>percussor</span> <span class='ocrx_word' id='word_1_55' title='bbox 457 1362 619 1407; x_wconf 73' lang='lat' dir='ltr'>aemuius3</span> 
     </span>
     <span class='ocr_line' id='line_1_25' title="bbox 213 1408 527 1449; baseline 0.006 -8"><span class='ocrx_word' id='word_1_56' title='bbox 213 1410 312 1449; x_wconf 76' lang='lat' dir='ltr'>Quem</span> <span class='ocrx_word' id='word_1_57' title='bbox 340 1408 527 1443; x_wconf 84' lang='lat' dir='ltr'>defunctum</span> 
     </span>
     <span class='ocr_line' id='line_1_26' title="bbox 263 1456 533 1499; baseline 0.007 -9"><span class='ocrx_word' id='word_1_58' title='bbox 263 1456 369 1490; x_wconf 89' lang='lat' dir='ltr'>fidelis</span> <span class='ocrx_word' id='word_1_59' title='bbox 395 1460 533 1499; x_wconf 87' lang='lat' dir='ltr'>populus</span> 
     </span>
     <span class='ocr_line' id='line_1_27' title="bbox 211 1506 422 1547; baseline 0 -9"><span class='ocrx_word' id='word_1_60' title='bbox 211 1506 251 1538; x_wconf 79' lang='lat'>111</span> <span class='ocrx_word' id='word_1_61' title='bbox 274 1507 422 1547; x_wconf 77' lang='lat' dir='ltr'>sepulcro</span> 
     </span>
     <span class='ocr_line' id='line_1_28' title="bbox 258 1555 587 1598; baseline 0 -12"><span class='ocrx_word' id='word_1_62' title='bbox 258 1555 401 1596; x_wconf 85' lang='lat' dir='ltr'>psallens</span> <span class='ocrx_word' id='word_1_63' title='bbox 429 1555 587 1598; x_wconf 84' lang='lat' dir='ltr'>deposuit,</span> 
     </span>
     <span class='ocr_line' id='line_1_29' title="bbox 211 1602 458 1643; baseline -0.008 -7"><span class='ocrx_word' id='word_1_64' title='bbox 211 1602 277 1636; x_wconf 93' lang='lat' dir='ltr'>Ubi</span> <span class='ocrx_word' id='word_1_65' title='bbox 303 1602 458 1643; x_wconf 89' lang='lat' dir='ltr'>templum</span> 
     </span>
     <span class='ocr_line' id='line_1_30' title="bbox 262 1649 560 1693; baseline 0 -11"><span class='ocrx_word' id='word_1_66' title='bbox 262 1649 402 1683; x_wconf 81' lang='lat' dir='ltr'>fundare</span> <span class='ocrx_word' id='word_1_67' title='bbox 427 1651 560 1693; x_wconf 88' lang='lat' dir='ltr'>studuit,</span> 
     </span>
     <span class='ocr_line' id='line_1_31' title="bbox 210 1699 466 1739; baseline 0 -9"><span class='ocrx_word' id='word_1_68' title='bbox 210 1699 303 1739; x_wconf 79' lang='lat' dir='ltr'>Quod</span> <span class='ocrx_word' id='word_1_69' title='bbox 328 1699 466 1731; x_wconf 86' lang='lat' dir='ltr'>illustris</span> 
     </span>
     <span class='ocr_line' id='line_1_32' title="bbox 259 1747 590 1788; baseline 0.003 -10"><span class='ocrx_word' id='word_1_70' title='bbox 259 1749 414 1788; x_wconf 85' lang='lat' dir='ltr'>perornat</span> <span class='ocrx_word' id='word_1_71' title='bbox 440 1747 590 1780; x_wconf 88' lang='lat' dir='ltr'>tumulus.</span> 
     </span>
    </p>
   </div>
   <div class='ocr_carea' id='block_1_8' title="bbox 325 1824 583 1919">
    <p class='ocr_par' dir='ltr' id='par_1_12' title="bbox 325 1824 583 1919">
     <span class='ocr_line' id='line_1_33' title="bbox 325 1824 583 1857; baseline 0 -1"><span class='ocrx_word' id='word_1_72' title='bbox 325 1824 351 1856; x_wconf 93' lang='lat' dir='ltr'>P</span> <span class='ocrx_word' id='word_1_73' title='bbox 362 1833 405 1856; x_wconf 83' lang='lat' dir='ltr'>er</span> <span class='ocrx_word' id='word_1_74' title='bbox 431 1824 463 1856; x_wconf 91' lang='lat' dir='ltr'>H</span> <span class='ocrx_word' id='word_1_75' title='bbox 473 1833 491 1856; x_wconf 93' lang='lat'>0</span> <span class='ocrx_word' id='word_1_76' title='bbox 501 1834 519 1856; x_wconf 93' lang='lat' dir='ltr'>r</span> <span class='ocrx_word' id='word_1_77' title='bbox 528 1833 548 1857; x_wconf 84' lang='lat' dir='ltr'>a</span> <span class='ocrx_word' id='word_1_78' title='bbox 557 1833 583 1856; x_wconf 89' lang='lat' dir='ltr'>s.</span> 
     </span>
     <span class='ocr_line' id='line_1_34' title="bbox 347 1890 556 1919; baseline -0.005 -1"><span class='ocrx_word' id='word_1_79' title='bbox 347 1890 394 1918; x_wconf 87' lang='lat' dir='ltr'>Ad</span> <span class='ocrx_word' id='word_1_80' title='bbox 414 1890 556 1919; x_wconf 85' lang='lat' dir='ltr'>Primam.</span> 
     </span>
    </p>
   </div>
   <div class='ocr_carea' id='block_1_9' title="bbox 134 1939 441 1981">
    <p class='ocr_par' dir='ltr' id='par_1_13' title="bbox 134 1939 441 1981">
     <span class='ocr_line' id='line_1_35' title="bbox 134 1939 441 1981; baseline 0 -10"><span class='ocrx_word' id='word_1_81' title='bbox 134 1939 174 1973; x_wconf 93' lang='lat' dir='ltr'>A.</span> <span class='ocrx_word' id='word_1_82' title='bbox 207 1940 306 1981; x_wconf 84' lang='lat' dir='ltr'>Regis</span> <span class='ocrx_word' id='word_1_83' title='bbox 331 1939 441 1981; x_wconf 90' lang='lat' dir='ltr'>proles</span> 
     </span>
    </p>
   </div>
   <div class='ocr_carea' id='block_1_10' title="bbox 202 1988 619 2318">
    <p class='ocr_par' dir='ltr' id='par_1_14' title="bbox 204 1988 511 2069">
     <span class='ocr_line' id='line_1_36' title="bbox 257 1988 511 2029; baseline 0 -8"><span class='ocrx_word' id='word_1_84' title='bbox 257 1990 290 2021; x_wconf 83' lang='lat' dir='ltr'>et</span> <span class='ocrx_word' id='word_1_85' title='bbox 313 1997 396 2021; x_wconf 85' lang='lat' dir='ltr'>uxor</span> <span class='ocrx_word' id='word_1_86' title='bbox 420 1988 511 2029; x_wconf 87' lang='lat' dir='ltr'>regia</span> 
     </span>
     <span class='ocr_line' id='line_1_37' title="bbox 204 2036 384 2069; baseline -0.006 0"><span class='ocrx_word' id='word_1_87' title='bbox 204 2036 384 2069; x_wconf 68' lang='lat' dir='ltr'>iubilantes</span> 
     </span>
    </p>

    <p class='ocr_par' dir='ltr' id='par_1_15' title="bbox 207 2084 519 2168">
     <span class='ocr_line' id='line_1_38' title="bbox 253 2084 519 2125; baseline -0.004 -8"><span class='ocrx_word' id='word_1_88' title='bbox 253 2084 360 2117; x_wconf 84' lang='lat' dir='ltr'>cordis</span> <span class='ocrx_word' id='word_1_89' title='bbox 384 2084 519 2125; x_wconf 86' lang='lat' dir='ltr'>laetitia,</span> 
     </span>
     <span class='ocr_line' id='line_1_39' title="bbox 207 2132 412 2168; baseline -0.02 0"><span class='ocrx_word' id='word_1_90' title='bbox 207 2132 412 2168; x_wconf 79' lang='lat' dir='ltr'>candidatae</span> 
     </span>
    </p>

    <p class='ocr_par' dir='ltr' id='par_1_16' title="bbox 202 2179 583 2263">
     <span class='ocr_line' id='line_1_40' title="bbox 252 2179 583 2221; baseline -0.006 -7"><span class='ocrx_word' id='word_1_91' title='bbox 252 2179 407 2221; x_wconf 87' lang='lat' dir='ltr'>baptismi</span> <span class='ocrx_word' id='word_1_92' title='bbox 429 2180 583 2221; x_wconf 85' lang='lat' dir='ltr'>vestibus,</span> 
     </span>
     <span class='ocr_line' id='line_1_41' title="bbox 202 2230 477 2263; baseline -0.004 0"><span class='ocrx_word' id='word_1_93' title='bbox 202 2230 318 2263; x_wconf 88' lang='lat' dir='ltr'>Fidem</span> <span class='ocrx_word' id='word_1_94' title='bbox 344 2233 477 2262; x_wconf 81' lang='lat' dir='ltr'>servant</span> 
     </span>
    </p>

    <p class='ocr_par' dir='ltr' id='par_1_17' title="bbox 249 2276 619 2318">
     <span class='ocr_line' id='line_1_42' title="bbox 249 2276 619 2318; baseline 0.005 -8"><span class='ocrx_word' id='word_1_95' title='bbox 249 2279 431 2318; x_wconf 80' lang='lat' dir='ltr'>inpressam</span> <span class='ocrx_word' id='word_1_96' title='bbox 458 2276 619 2312; x_wconf 79' lang='lat' dir='ltr'>cordibus,</span> 
     </span>
    </p>
   </div>
   <div class='ocr_carea' id='block_1_11' title="bbox 341 2344 548 2372">
    <p class='ocr_par' dir='ltr' id='par_1_18' title="bbox 341 2344 548 2372">
     <span class='ocr_line' id='line_1_43' title="bbox 341 2344 548 2372; baseline -0.01 0"><span class='ocrx_word' id='word_1_97' title='bbox 341 2344 388 2372; x_wconf 86' lang='lat' dir='ltr'>Ad</span> <span class='ocrx_word' id='word_1_98' title='bbox 407 2344 548 2371; x_wconf 85' lang='lat' dir='ltr'>Tertiam.</span> 
     </span>
    </p>
   </div>
   <div class='ocr_carea' id='block_1_12' title="bbox 126 2392 378 2434">
    <p class='ocr_par' dir='ltr' id='par_1_19' title="bbox 126 2392 378 2434">
     <span class='ocr_line' id='line_1_44' title="bbox 126 2392 378 2434; baseline -0.012 -7"><span class='ocrx_word' id='word_1_99' title='bbox 126 2394 169 2429; x_wconf 84' lang='lat' dir='ltr'>A.</span> <span class='ocrx_word' id='word_1_100' title='bbox 197 2392 378 2434; x_wconf 75' lang='lat' dir='ltr'>vigilantes</span> 
     </span>
    </p>
   </div>
   <div class='ocr_carea' id='block_1_13' title="bbox 247 2440 514 2481">
    <p class='ocr_par' dir='ltr' id='par_1_20' title="bbox 247 2440 514 2481">
     <span class='ocr_line' id='line_1_45' title="bbox 247 2440 514 2481; baseline 0.004 -9"><span class='ocrx_word' id='word_1_101' title='bbox 247 2441 284 2473; x_wconf 85' lang='lat' dir='ltr'>in</span> <span class='ocrx_word' id='word_1_102' title='bbox 306 2440 390 2473; x_wconf 78' lang='lat' dir='ltr'>iucis</span> <span class='ocrx_word' id='word_1_103' title='bbox 414 2449 514 2481; x_wconf 82' lang='lat' dir='ltr'>opere</span> 
     </span>
    </p>
   </div>
   <div class='ocr_carea' id='block_1_14' title="bbox 909 236 1269 513">
    <p class='ocr_par' dir='ltr' id='par_1_21' title="bbox 909 236 1269 513">
     <span class='ocr_line' id='line_1_46' title="bbox 911 236 1150 270; baseline -0.004 -1"><span class='ocrx_word' id='word_1_104' title='bbox 911 236 1015 269; x_wconf 90' lang='lat' dir='ltr'>Deum</span> <span class='ocrx_word' id='word_1_105' title='bbox 1041 245 1150 270; x_wconf 87' lang='lat' dir='ltr'>verum</span> 
     </span>
     <span class='ocr_line' id='line_1_47' title="bbox 959 283 1269 327; baseline 0 -11"><span class='ocrx_word' id='word_1_106' title='bbox 959 286 1132 324; x_wconf 81' lang='lat' dir='ltr'>sequunter</span> <span class='ocrx_word' id='word_1_107' title='bbox 1156 283 1269 327; x_wconf 83' lang='lat' dir='ltr'>libere,</span> 
     </span>
     <span class='ocr_line' id='line_1_48' title="bbox 910 331 1167 371; baseline 0 -9"><span class='ocrx_word' id='word_1_108' title='bbox 910 331 956 363; x_wconf 87' lang='lat' dir='ltr'>Et</span> <span class='ocrx_word' id='word_1_109' title='bbox 981 341 1042 371; x_wconf 92' lang='lat' dir='ltr'>quo</span> <span class='ocrx_word' id='word_1_110' title='bbox 1067 332 1167 371; x_wconf 86' lang='lat' dir='ltr'>magis</span> 
     </span>
     <span class='ocr_line' id='line_1_49' title="bbox 957 378 1216 419; baseline -0.004 -9"><span class='ocrx_word' id='word_1_111' title='bbox 957 381 1068 418; x_wconf 83' lang='lat' dir='ltr'>optata</span> <span class='ocrx_word' id='word_1_112' title='bbox 1094 378 1216 419; x_wconf 89' lang='lat' dir='ltr'>sitiunt,</span> 
     </span>
     <span class='ocr_line' id='line_1_50' title="bbox 909 425 1133 465; baseline -0.009 -7"><span class='ocrx_word' id='word_1_113' title='bbox 909 426 983 458; x_wconf 82' lang='lat' dir='ltr'>Hac</span> <span class='ocrx_word' id='word_1_114' title='bbox 1007 425 1133 465; x_wconf 81' lang='lat' dir='ltr'>plenius</span> 
     </span>
     <span class='ocr_line' id='line_1_51' title="bbox 958 473 1208 513; baseline 0.008 -9"><span class='ocrx_word' id='word_1_115' title='bbox 958 481 996 505; x_wconf 84' lang='lat' dir='ltr'>ea</span> <span class='ocrx_word' id='word_1_116' title='bbox 1020 473 1208 513; x_wconf 76' lang='lat' dir='ltr'>suscipiunt.</span> 
     </span>
    </p>
   </div>
   <div class='ocr_carea' id='block_1_15' title="bbox 1057 557 1252 586">
    <p class='ocr_par' dir='ltr' id='par_1_22' title="bbox 1057 557 1252 586">
     <span class='ocr_line' id='line_1_52' title="bbox 1057 557 1252 586; baseline 0 -1"><span class='ocrx_word' id='word_1_117' title='bbox 1057 557 1104 585; x_wconf 83' lang='lat' dir='ltr'>Ad</span> <span class='ocrx_word' id='word_1_118' title='bbox 1122 557 1252 586; x_wconf 76' lang='lat' dir='ltr'>Sext-am.</span> 
     </span>
    </p>
   </div>
   <div class='ocr_carea' id='block_1_16' title="bbox 870 615 1103 649">
    <p class='ocr_par' dir='ltr' id='par_1_23' title="bbox 870 615 1103 649">
     <span class='ocr_line' id='line_1_53' title="bbox 870 615 1103 649; baseline -0.009 0"><span class='ocrx_word' id='word_1_119' title='bbox 870 642 877 649; x_wconf 89' lang='lat'>.</span> <span class='ocrx_word' id='word_1_120' title='bbox 907 615 1103 648; x_wconf 74' lang='lat' dir='ltr'>Benedictus</span> 
     </span>
    </p>
   </div>
   <div class='ocr_carea' id='block_1_17' title="bbox 907 663 1250 992">
    <p class='ocr_par' dir='ltr' id='par_1_24' title="bbox 907 663 1250 992">
     <span class='ocr_line' id='line_1_54' title="bbox 957 663 1250 705; baseline 0.003 -10"><span class='ocrx_word' id='word_1_121' title='bbox 957 663 1094 704; x_wconf 84' lang='lat' dir='ltr'>largitor</span> <span class='ocrx_word' id='word_1_122' title='bbox 1117 664 1250 705; x_wconf 82' lang='lat' dir='ltr'>gratiae,</span> 
     </span>
     <span class='ocr_line' id='line_1_55' title="bbox 911 711 1171 751; baseline 0.004 -8"><span class='ocrx_word' id='word_1_123' title='bbox 911 711 970 751; x_wconf 79' lang='lat' dir='ltr'>Qui</span> <span class='ocrx_word' id='word_1_124' title='bbox 998 712 1038 744; x_wconf 92' lang='lat' dir='ltr'>de</span> <span class='ocrx_word' id='word_1_125' title='bbox 1061 712 1171 746; x_wconf 89' lang='lat' dir='ltr'>nervis</span> 
     </span>
     <span class='ocr_line' id='line_1_56' title="bbox 955 759 1223 793; baseline 0 -2"><span class='ocrx_word' id='word_1_126' title='bbox 955 759 1049 792; x_wconf 89' lang='lat' dir='ltr'>huius</span> <span class='ocrx_word' id='word_1_127' title='bbox 1074 760 1223 793; x_wconf 80' lang='lat' dir='ltr'>miseriae</span> 
     </span>
     <span class='ocr_line' id='line_1_57' title="bbox 907 807 1118 841; baseline -0.005 -1"><span class='ocrx_word' id='word_1_128' title='bbox 907 807 953 840; x_wconf 83' lang='lat' dir='ltr'>Et</span> <span class='ocrx_word' id='word_1_129' title='bbox 979 808 1019 840; x_wconf 88' lang='lat' dir='ltr'>de</span> <span class='ocrx_word' id='word_1_130' title='bbox 1045 807 1118 841; x_wconf 88' lang='lat' dir='ltr'>dolo</span> 
     </span>
     <span class='ocr_line' id='line_1_58' title="bbox 957 854 1200 889; baseline 0.004 -2"><span class='ocrx_word' id='word_1_131' title='bbox 957 854 1094 889; x_wconf 86' lang='lat' dir='ltr'>furentis</span> <span class='ocrx_word' id='word_1_132' title='bbox 1119 856 1200 889; x_wconf 91' lang='lat' dir='ltr'>idoli</span> 
     </span>
     <span class='ocr_line' id='line_1_59' title="bbox 908 903 1147 938; baseline 0 -2"><span class='ocrx_word' id='word_1_133' title='bbox 908 903 1024 936; x_wconf 73' lang='lat' dir='ltr'>Traxit,</span> <span class='ocrx_word' id='word_1_134' title='bbox 1047 904 1147 938; x_wconf 87' lang='lat' dir='ltr'>Indos</span> 
     </span>
     <span class='ocr_line' id='line_1_60' title="bbox 956 952 1239 992; baseline 0 -9"><span class='ocrx_word' id='word_1_135' title='bbox 956 952 1065 985; x_wconf 78' lang='lat' dir='ltr'>verbis</span> <span class='ocrx_word' id='word_1_136' title='bbox 1089 952 1239 992; x_wconf 80' lang='lat' dir='ltr'>apostoli.</span> 
     </span>
    </p>
   </div>
   <div class='ocr_carea' id='block_1_18' title="bbox 1042 1036 1235 1065">
    <p class='ocr_par' dir='ltr' id='par_1_25' title="bbox 1042 1036 1235 1065">
     <span class='ocr_line' id='line_1_61' title="bbox 1042 1036 1235 1065; baseline 0 -2"><span class='ocrx_word' id='word_1_137' title='bbox 1042 1036 1089 1064; x_wconf 83' lang='lat' dir='ltr'>Ad</span> <span class='ocrx_word' id='word_1_138' title='bbox 1108 1037 1235 1065; x_wconf 83' lang='lat' dir='ltr'>Nonam.</span> 
     </span>
    </p>
   </div>
   <div class='ocr_carea' id='block_1_19' title="bbox 870 1095 1170 1136">
    <p class='ocr_par' dir='ltr' id='par_1_26' title="bbox 870 1095 1170 1136">
     <span class='ocr_line' id='line_1_62' title="bbox 870 1095 1170 1136; baseline -0.007 -8"><span class='ocrx_word' id='word_1_139' title='bbox 870 1121 878 1128; x_wconf 90' lang='lat'><strong><em>.</em></strong></span> <span class='ocrx_word' id='word_1_140' title='bbox 907 1096 978 1128; x_wconf 78' lang='lat' dir='ltr'>Rex</span> <span class='ocrx_word' id='word_1_141' title='bbox 1003 1095 1170 1136; x_wconf 82' lang='lat' dir='ltr'>Indorum,</span> 
     </span>
    </p>
   </div>
   <div class='ocr_carea' id='block_1_20' title="bbox 908 1142 1327 1472">
    <p class='ocr_par' dir='ltr' id='par_1_27' title="bbox 908 1142 1327 1231">
     <span class='ocr_line' id='line_1_63' title="bbox 957 1142 1327 1184; baseline -0.003 -9"><span class='ocrx_word' id='word_1_142' title='bbox 957 1143 1069 1183; x_wconf 84' lang='lat' dir='ltr'>plebes</span> <span class='ocrx_word' id='word_1_143' title='bbox 1096 1146 1126 1174; x_wconf 87' lang='lat' dir='ltr'>et</span> <span class='ocrx_word' id='word_1_144' title='bbox 1152 1142 1327 1184; x_wconf 84' lang='lat' dir='ltr'>principes,</span> 
     </span>
     <span class='ocr_line' id='line_1_64' title="bbox 908 1191 1133 1231; baseline -0.004 -7"><span class='ocrx_word' id='word_1_145' title='bbox 908 1191 1028 1224; x_wconf 79' lang='lat' dir='ltr'>Sacrae</span> <span class='ocrx_word' id='word_1_146' title='bbox 1052 1191 1133 1231; x_wconf 84' lang='lat' dir='ltr'>legis</span> 
     </span>
    </p>

    <p class='ocr_par' dir='ltr' id='par_1_28' title="bbox 909 1238 1249 1321">
     <span class='ocr_line' id='line_1_65' title="bbox 958 1238 1249 1282; baseline 0 -12"><span class='ocrx_word' id='word_1_147' title='bbox 958 1238 1037 1272; x_wconf 80' lang='lat' dir='ltr'>facti</span> <span class='ocrx_word' id='word_1_148' title='bbox 1061 1239 1249 1282; x_wconf 80' lang='lat' dir='ltr'>participes,</span> 
     </span>
     <span class='ocr_line' id='line_1_66' title="bbox 909 1287 1120 1321; baseline -0.009 0"><span class='ocrx_word' id='word_1_149' title='bbox 909 1287 1120 1321; x_wconf 75' lang='lat' dir='ltr'>Exsultantes</span> 
     </span>
    </p>

    <p class='ocr_par' dir='ltr' id='par_1_29' title="bbox 912 1335 1241 1417">
     <span class='ocr_line' id='line_1_67' title="bbox 956 1335 1241 1377; baseline 0 -10"><span class='ocrx_word' id='word_1_150' title='bbox 956 1338 1111 1376; x_wconf 87' lang='lat' dir='ltr'>percepta</span> <span class='ocrx_word' id='word_1_151' title='bbox 1136 1335 1241 1377; x_wconf 86' lang='lat' dir='ltr'>gratia</span> 
     </span>
     <span class='ocr_line' id='line_1_68' title="bbox 912 1383 1187 1417; baseline -0.007 0"><span class='ocrx_word' id='word_1_152' title='bbox 912 1383 1040 1417; x_wconf 85' lang='lat' dir='ltr'>Christo</span> <span class='ocrx_word' id='word_1_153' title='bbox 1064 1387 1187 1416; x_wconf 87' lang='lat' dir='ltr'>mentes</span> 
     </span>
    </p>

    <p class='ocr_par' dir='ltr' id='par_1_30' title="bbox 959 1432 1233 1472">
     <span class='ocr_line' id='line_1_69' title="bbox 959 1432 1233 1472; baseline 0.004 -8"><span class='ocrx_word' id='word_1_154' title='bbox 959 1434 1078 1472; x_wconf 83' lang='lat' dir='ltr'>parant</span> <span class='ocrx_word' id='word_1_155' title='bbox 1104 1432 1233 1466; x_wconf 84' lang='lat' dir='ltr'>cubilia.</span> 
     </span>
    </p>
   </div>
   <div class='ocr_carea' id='block_1_21' title="bbox 974 1576 1333 1698">
    <p class='ocr_par' dir='ltr' id='par_1_31' title="bbox 974 1576 1333 1698">
     <span class='ocr_line' id='line_1_70' title="bbox 974 1576 1333 1616; baseline 0.003 -8"><span class='ocrx_word' id='word_1_156' title='bbox 974 1576 1021 1608; x_wconf 90' lang='lat' dir='ltr'>In</span> <span class='ocrx_word' id='word_1_157' title='bbox 1049 1578 1080 1609; x_wconf 87' lang='lat'>2.</span> <span class='ocrx_word' id='word_1_158' title='bbox 1106 1576 1333 1616; x_wconf 88' lang='lat' dir='ltr'>Vesperis.</span> 
     </span>
     <span class='ocr_line' id='line_1_71' title="bbox 1027 1660 1277 1698; baseline 0 -9"><span class='ocrx_word' id='word_1_159' title='bbox 1027 1660 1074 1689; x_wconf 88' lang='lat' dir='ltr'>Ad</span> <span class='ocrx_word' id='word_1_160' title='bbox 1095 1660 1277 1698; x_wconf 73' lang='lat' dir='ltr'>Magnffioat.</span> 
     </span>
    </p>
   </div>
   <div class='ocr_carea' id='block_1_22' title="bbox 867 1719 1090 1754">
    <p class='ocr_par' dir='ltr' id='par_1_32' title="bbox 867 1719 1090 1754">
     <span class='ocr_line' id='line_1_72' title="bbox 867 1719 1090 1754; baseline -0.004 -2"><span class='ocrx_word' id='word_1_161' title='bbox 867 1744 874 1752; x_wconf 88' lang='lat'><strong>.</strong></span> <span class='ocrx_word' id='word_1_162' title='bbox 906 1720 931 1754; x_wconf 96' lang='grc' dir='ltr'><strong>Ο</strong></span> <span class='ocrx_word' id='word_1_163' title='bbox 961 1719 1090 1752; x_wconf 83' lang='lat' dir='ltr'>virtutis</span> 
     </span>
    </p>
   </div>
   <div class='ocr_carea' id='block_1_23' title="bbox 900 1768 1303 2483">
    <p class='ocr_par' dir='ltr' id='par_1_33' title="bbox 907 1768 1244 1856">
     <span class='ocr_line' id='line_1_73' title="bbox 952 1768 1244 1809; baseline -0.003 -9"><span class='ocrx_word' id='word_1_164' title='bbox 952 1768 1010 1800; x_wconf 73' lang='lat' dir='ltr'>lux</span> <span class='ocrx_word' id='word_1_165' title='bbox 1035 1768 1244 1809; x_wconf 76' lang='lat' dir='ltr'>apostolicae,</span> 
     </span>
     <span class='ocr_line' id='line_1_74' title="bbox 907 1816 1118 1856; baseline -0.009 -7"><span class='ocrx_word' id='word_1_166' title='bbox 907 1816 990 1849; x_wconf 88' lang='lat' dir='ltr'>Solis</span> <span class='ocrx_word' id='word_1_167' title='bbox 1014 1816 1118 1856; x_wconf 86' lang='lat' dir='ltr'>iubar,</span> 
     </span>
    </p>

    <p class='ocr_par' dir='ltr' id='par_1_34' title="bbox 907 1864 1303 1946">
     <span class='ocr_line' id='line_1_75' title="bbox 956 1864 1303 1908; baseline 0.003 -13"><span class='ocrx_word' id='word_1_168' title='bbox 956 1865 1095 1897; x_wconf 79' lang='lat' dir='ltr'>caeleste</span> <span class='ocrx_word' id='word_1_169' title='bbox 1126 1864 1303 1908; x_wconf 88' lang='lat' dir='ltr'>speculum,</span> 
     </span>
     <span class='ocr_line' id='line_1_76' title="bbox 907 1912 1190 1946; baseline -0.004 0"><span class='ocrx_word' id='word_1_170' title='bbox 907 1914 1024 1946; x_wconf 88' lang='lat' dir='ltr'>Omnes</span> <span class='ocrx_word' id='word_1_171' title='bbox 1051 1912 1190 1945; x_wconf 78' lang='lat' dir='ltr'>clemens</span> 
     </span>
    </p>

    <p class='ocr_par' dir='ltr' id='par_1_35' title="bbox 907 1960 1257 2050">
     <span class='ocr_line' id='line_1_77' title="bbox 954 1960 1257 2001; baseline 0 -9"><span class='ocrx_word' id='word_1_172' title='bbox 954 1963 1097 1993; x_wconf 84' lang='lat' dir='ltr'>astantes</span> <span class='ocrx_word' id='word_1_173' title='bbox 1121 1960 1257 2001; x_wconf 82' lang='lat' dir='ltr'>respice,</span> 
     </span>
     <span class='ocr_line' id='line_1_78' title="bbox 907 2008 1149 2050; baseline 0 -10"><span class='ocrx_word' id='word_1_174' title='bbox 907 2008 1037 2041; x_wconf 87' lang='lat' dir='ltr'>Clerum</span> <span class='ocrx_word' id='word_1_175' title='bbox 1062 2017 1149 2050; x_wconf 85' lang='lat' dir='ltr'>rege,</span> 
     </span>
    </p>

    <p class='ocr_par' dir='ltr' id='par_1_36' title="bbox 904 2056 1300 2144">
     <span class='ocr_line' id='line_1_79' title="bbox 954 2056 1300 2100; baseline 0.003 -13"><span class='ocrx_word' id='word_1_176' title='bbox 954 2064 1111 2089; x_wconf 83' lang='lat' dir='ltr'>conserva</span> <span class='ocrx_word' id='word_1_177' title='bbox 1135 2056 1300 2100; x_wconf 87' lang='lat' dir='ltr'>populum,</span> 
     </span>
     <span class='ocr_line' id='line_1_80' title="bbox 904 2104 1168 2144; baseline -0.008 -6"><span class='ocrx_word' id='word_1_178' title='bbox 904 2105 951 2138; x_wconf 93' lang='lat' dir='ltr'>Ut</span> <span class='ocrx_word' id='word_1_179' title='bbox 975 2108 1050 2144; x_wconf 86' lang='lat' dir='ltr'>post</span> <span class='ocrx_word' id='word_1_180' title='bbox 1075 2104 1168 2136; x_wconf 89' lang='lat' dir='ltr'>huius</span> 
     </span>
    </p>

    <p class='ocr_par' dir='ltr' id='par_1_37' title="bbox 900 2153 1257 2241">
     <span class='ocr_line' id='line_1_81' title="bbox 948 2153 1257 2185; baseline 0 -2"><span class='ocrx_word' id='word_1_181' title='bbox 948 2153 1061 2185; x_wconf 84' lang='lat' dir='ltr'>mortis</span> <span class='ocrx_word' id='word_1_182' title='bbox 1087 2153 1257 2184; x_wconf 89' lang='lat' dir='ltr'>articulum</span> 
     </span>
     <span class='ocr_line' id='line_1_82' title="bbox 900 2200 1119 2241; baseline 0 -9"><span class='ocrx_word' id='word_1_183' title='bbox 900 2200 1119 2241; x_wconf 82' lang='lat' dir='ltr'>Resurgentes</span> 
     </span>
    </p>

    <p class='ocr_par' dir='ltr' id='par_1_38' title="bbox 901 2248 1252 2335">
     <span class='ocr_line' id='line_1_83' title="bbox 949 2248 1252 2289; baseline 0.003 -10"><span class='ocrx_word' id='word_1_184' title='bbox 949 2248 983 2279; x_wconf 91' lang='lat' dir='ltr'>in</span> <span class='ocrx_word' id='word_1_185' title='bbox 1010 2249 1093 2281; x_wconf 87' lang='lat' dir='ltr'>stola</span> <span class='ocrx_word' id='word_1_186' title='bbox 1122 2248 1252 2289; x_wconf 89' lang='lat' dir='ltr'>duplice</span> 
     </span>
     <span class='ocr_line' id='line_1_84' title="bbox 901 2296 1145 2335; baseline 0 -7"><span class='ocrx_word' id='word_1_187' title='bbox 901 2296 1145 2335; x_wconf 85' lang='lat' dir='ltr'>Repromissum</span> 
     </span>
    </p>

    <p class='ocr_par' dir='ltr' id='par_1_39' title="bbox 900 2344 1252 2426">
     <span class='ocr_line' id='line_1_85' title="bbox 951 2344 1252 2377; baseline 0.007 -2"><span class='ocrx_word' id='word_1_188' title='bbox 951 2352 1048 2376; x_wconf 85' lang='lat' dir='ltr'>cenae</span> <span class='ocrx_word' id='word_1_189' title='bbox 1073 2344 1252 2377; x_wconf 87' lang='lat' dir='ltr'>dominicae</span> 
     </span>
     <span class='ocr_line' id='line_1_86' title="bbox 900 2391 1116 2426; baseline -0.009 0"><span class='ocrx_word' id='word_1_190' title='bbox 900 2391 1116 2426; x_wconf 89' lang='lat' dir='ltr'>Convivantes</span> 
     </span>
    </p>

    <p class='ocr_par' dir='ltr' id='par_1_40' title="bbox 946 2442 1273 2483">
     <span class='ocr_line' id='line_1_87' title="bbox 946 2442 1273 2483; baseline 0.009 -10"><span class='ocrx_word' id='word_1_191' title='bbox 946 2449 1109 2474; x_wconf 82' lang='lat' dir='ltr'>sumamus</span> <span class='ocrx_word' id='word_1_192' title='bbox 1132 2442 1273 2483; x_wconf 77' lang='lat' dir='ltr'>epulum.</span> 
     </span>
    </p>
   </div>
  </div>
 </body>
</html>
