1653 2567
103 203 135 235 3.

99 1967 139 2001 V.

114 2121 146 2153 3.

623 107 884 143 -109—

163 200 397 235 Considerabat
421 203 534 235 mundi
560 213 653 236 verus

167 249 359 282 Christicola
384 250 568 290 vanitatem,

164 296 263 330 Sacra
287 306 423 338 sequens
450 298 600 338 dogmata

166 345 328 385 Amplecti
353 345 478 377 studuit,
501 346 665 385 pictatem.

164 393 232 426 Hie
257 393 394 433 accipiet
418 392 672 426 benedictionem
698 395 728 425 et

165 440 426 474 misericordiam
459 449 480 472 a
512 440 657 474 Domino
689 440 727 472 in

170 489 345 524 aeternum.

230 595 276 627 In
303 595 335 628 2.
362 593 592 627 Nocturno.

310 679 508 716 Antiphonae.

134 761 141 770 .
166 737 351 779 Exquisivit
372 747 455 779 pura
478 741 585 770 mente

168 786 304 820 Sanctus
328 786 494 819 Arnoldus
519 785 691 818 Dominum

167 834 213 867 Et
237 835 327 867 dedit
349 834 399 866 illi
422 837 547 875 gustum

169 882 314 915 Christus
340 883 570 915 suavissimum.

135 968 140 973 .
168 940 312 973 Protexit
322 942 464 971 sanctum
476 939 728 973 suumDominus

168 989 199 1020 A
226 990 317 1020 coetu
341 987 595 1028 malignantium,

169 1036 246 1068 Ideo
272 1036 410 1068 laetatur
435 1036 536 1068 iustus

169 1085 208 1116 In
233 1087 321 1116 terra
346 1083 558 1117 iubilantium.

140 1167 147 1174 .
173 1141 302 1182 Beatus,
321 1149 411 1180 quem
428 1140 561 1181 elegisti,
581 1140 727 1180 Domine,

170 1188 217 1222 Ut
238 1188 363 1222 habitet
385 1189 416 1221 in
444 1188 534 1221 atriis
560 1189 622 1221 tuis

172 1236 217 1269 Et
243 1237 392 1269 decantet
417 1236 565 1277 hymnum
598 1236 728 1277 gloriae.

310 1322 519 1358 Responsoria.

139 1406 147 1413 .
173 1380 209 1412 In
235 1388 411 1420 pauperum
437 1381 625 1421 pauperiem

171 1427 300 1460 Direxit,
324 1428 487 1461 oculorum
511 1428 612 1460 aciem

170 1476 229 1508 Vir
254 1476 316 1508 Dei
341 1475 548 1509 suavissimus

170 1523 216 1556 Et
240 1524 326 1564 quod
350 1527 421 1556 arte
446 1523 665 1563 conquirebat,

172 1571 280 1613 Large
304 1572 426 1612 sparsit
450 1571 605 1604 omnibus.

170 1619 317 1652 Manum
352 1628 449 1652 suam
482 1619 611 1660 aperuit
642 1618 736 1659 inopi

171 1668 320 1708 deditque
344 1667 432 1708 quod
453 1667 568 1700 datum
594 1668 639 1699 cst
661 1666 720 1700 im.

139 1750 147 1758 .
173 1726 211 1758 In
239 1725 407 1766 clangente
431 1726 547 1757 mentis
573 1725 695 1757 chorda

171 1773 307 1806 Sanctus
331 1773 389 1806 ille
410 1772 612 1806 citharoedus

168 1820 333 1855 lubilabat,
356 1821 505 1861 Domine,

170 1869 275 1902 Dulce
299 1870 400 1902 melos
427 1869 513 1902 dulci
537 1878 615 1902 sono

170 1917 356 1951 Decantans
380 1919 414 1950 in
439 1917 593 1958 tripudio.

168 1966 360 2000 &saltavit
392 1976 447 1999 cor
480 1967 549 1998 eius
571 1965 610 1997 in
633 1965 733 1998 ‘iubilo

172 2017 200 2047 et
222 2015 261 2047 in
287 2024 341 2048 ore
365 2015 434 2047 cius
462 2012 586 2047 Christi
608 2013 734 2047 collau-

172 2063 271 2096 datio.

173 2120 308 2154 Sanctus
332 2120 456 2152 athleta
480 2119 621 2162 Domini⁷

173 2169 351 2213 Arnoldus,
379 2169 455 2201 dum
480 2177 617 2209 peregre

171 2217 282 2251 Sancti
306 2216 514 2258 proficiscens

171 2265 282 2299 Iacobi
306 2265 439 2298 visitare

171 2313 300 2347 Limina
326 2313 531 2355 decrevisset,

172 2361 347 2396 Gerundae
371 2365 460 2396 stans
485 2361 518 2394 in
543 2362 640 2393 litore

172 2411 290 2444 Preces
320 2409 402 2443 fudit
427 2410 468 2442 ad
494 2409 677 2448 Dominum,

855 204 921 237 Ubi
947 212 1004 244 per
1028 204 1216 235 miraculum

855 251 973 283 Mortis
999 251 1244 290 sanctitatisque
1268 257 1345 282 suae

856 298 992 338 Accepit
1015 297 1180 330 indicium.

784 346 822 378 V.
852 345 1012 378 Innocens
1045 345 1198 377 manibus
1232 346 1261 377 ct
1290 343 1414 376 wimundo

857 392 1206 426 eordemisericcrditcr
1215 392 1417 432 deprecatur.

915 507 962 539 In
988 508 1019 540 3.
1048 506 1105 538 No
1118 508 1241 538 cturn
1257 514 1285 539 0.

999 591 1196 627 Antiphonae.

824 676 829 683 .
856 650 1008 683 Introivit
1032 651 1064 681 in
1091 650 1175 681 atria
1199 649 1261 681 Dei

856 698 914 730 Vir
938 698 1026 730 mitis
1050 700 1084 729 et,
1106 697 1337 734 sanctisrimuffi

856 745 923 780 Ubi
948 754 1074 785 semper
1097 745 1291 777 iucundatur

860 795 937 828 Cum
966 794 1124 826 caelorum
1149 793 1282 825 civibus.

825 878 831 885 .
858 851 1033 884 Exsultcnt
1058 851 1134 884 Sion
1160 849 1247 882 filiae

857 899 904 932 Te
928 899 1107 938 laudantes,
1134 898 1280 931 Domine.

859 948 920 988 Qui
945 950 999 980 tuo
1026 945 1152 979 confers
1178 945 1268 978 hodic

859 995 977 1028 Sancto
1004 1003 1157 1027 coronam
1182 994 1313 1034 gloriae.

825 1076 832 1083 .
858 1052 979 1086 Notum
1005 1050 1096 1092 facis,
1122 1051 1271 1094 Donum,

859 1100 1007 1133 Salutare
1031 1102 1129 1140 tuum,

859 1149 943 1181 Dum
969 1151 1079 1180 sancto
1106 1149 1159 1179 tuo
1185 1146 1299 1179 tribuis

861 1196 1026 1229 Caelorum
1052 1195 1279 1229 habitaculum.

1000 1282 1211 1318 Responsoria.

828 1366 835 1372 .
862 1340 1008 1371 Accessit
1033 1339 1076 1372 ad
1102 1338 1261 1381 Carolum,

862 1387 981 1428 Regem
1008 1388 1253 1430 serenissimum,

863 1434 922 1467 Vir
946 1435 1019 1475 Dei,
1045 1435 1159 1475 plenus
1185 1435 1301 1474 spiritu

913 1482 1056 1525 Pietatis,

865 1531 967 1562 Prece
991 1540 1050 1563 sua
1073 1531 1250 1562 incolarum

865 1578 1024 1611 Relevans
1047 1579 1188 1619 inopiam

914 1626 1117 1667 Paupertatis

865 1674 910 1708 Et
933 1674 1091 1715 lignorum
1118 1674 1241 1706 obtinet

863 1723 956 1755 Dono
983 1722 1106 1763 copiam

909 1770 1095 1815 Largitatis⁷

824 1843 832 1850 .
862 1818 959 1859 Regis
981 1820 1195 1860 procumbens
1220 1818 1346 1859 pedibu:

865 1866 973 1899 Sacris
998 1866 1140 1907 profusis
1164 1866 1316 1900 imbribus

864 1915 1038 1947 Humiliter
1066 1917 1267 1956 depreeatur.

835 1998 841 2004 .
870 1972 1003 2013 Optavit
1026 1975 1155 2005 sanctus
1184 1973 1312 2005 Dominl

915 2021 1057 2060 requiem
1082 2024 1157 2062 post
1179 2021 1332 2058 laborem,

864 2069 1017 2101 Incensus
1045 2068 1192 2101 efferbuit

914 2117 1046 2157 spiritus
1072 2126 1131 2157 per
1155 2117 1302 2149 ardorem

865 2165 909 2198 Et
936 2165 1081 2197 caelestis
1107 2165 1233 2206 appetit

915 2213 1024 2245 curiae
1049 2213 1208 2246 decorem.

827 2287 833 2295 .
863 2261 1022 2301 Respexit
1047 2260 1313 2294 considerationis

916 2309 1015 2343 oculis
1038 2310 1073 2341 in
1100 2312 1276 2342 creatorem

865 2357 910 2391 Et
933 2357 966 2389 in
990 2358 1167 2392 maiestatis

915 2414 992 2438 suae
1015 2405 1230 2447 splendorem,
