1655 2568
730 103 963 138 „16-

265 201 349 234 Nam
373 204 447 234 sunt
472 203 604 234 cruciat-i

263 249 307 281 Et
332 257 440 282 eorum
464 249 582 292 hostes,

264 296 410 340 Domine,
431 297 643 336 multiplicati.

398 392 606 427 Responsoria.

230 484 236 490 .
265 460 398 492 Sanctus
422 461 545 498 martyr
569 458 723 490 Achatius

265 506 335 538 Suis
362 514 432 538 eum
456 506 618 538 sodalibus

309 554 452 593 Regnum
476 553 629 596 introivit,

262 601 301 632 In
326 610 386 640 quo
413 609 482 632 cum
506 599 700 640 martyribus

262 648 307 680 Et
332 656 401 679 cum
426 647 544 679 sanctis
570 646 732 679 omnibus·

310 694 441 735 Semper
465 694 533 727 Deo
557 695 645 727 vivit.

260 742 411 775 Omnibus
435 743 515 774 haec
540 752 601 774 vox
627 741 762 773 dicitur:

307 789 431 832 Venite,
457 790 559 822 sancti
584 789 656 829 Dei,

261 837 345 869 Dum
372 846 425 869 cor
450 845 557 868 eorum
582 836 733 876 quatitur,

307 884 360 915 Ad
384 893 514 924 regnum
539 884 640 924 patris
664 884 735 917 mei.

266 940 453 980 Martyrum
480 941 591 972 ductor
605 948 766 979 >respuere

260 987 359 1020 Iussit
381 989 599 1019 momentanea
624 987 744 1026 mundi,

260 1035 395 1067 Dicens:
423 1035 523 1066 nolite
544 1035 724 1073 admittere,

258 1081 308 1114 Ne
335 1090 392 1114 nos
418 1082 580 1125 seducant,

303 1129 521 1161 blandimenta
545 1129 673 1161 saeculi.

186 1175 223 1209 V.
253 1176 339 1208 Ecce
371 1176 605 1216 adpropinquat

201 1330 232 1361 3.

305 1231 434 1263 regnum
460 1223 627 1266 caelorum,

257 1270 392 1315 Surgite,
418 1271 560 1303 adorate.

260 1327 386 1368 Achati,
413 1336 483 1359 cum
508 1327 602 1358 sociis

258 1375 400 1414 Implora
425 1382 537 1414 preces
563 1375 603 1406 ad
629 1373 810 1414 Dominum,

258 1422 303 1454 Ut
327 1430 384 1454 nos
409 1422 512 1454 salvet
535 1432 555 1454 a
579 1423 682 1453 morte

258 1469 302 1501 Et
328 1468 369 1500 ad
393 1470 491 1501 vitam
519 1468 625 1509 ducat,

257 1517 304 1549 Ut
328 1518 431 1548 tecum
457 1515 597 1557 gaudere

259 1563 418 1595 Pessimus
443 1564 477 1595 in
502 1564 639 1597 saecula.

254 1611 321 1644 Ora
339 1620 402 1651 pro
426 1611 533 1650 nobis,
568 1612 657 1643 beate
680 1610 808 1654 Achati,

254 1660 292 1690 ut
340 1658 433 1700 digni
481 1658 663 1699 efficiamur
705 1658 810 1699 {floria

259 1704 389 1738 Christi.

314 1829 361 1861 In
387 1831 418 1863 2.
445 1826 675 1871 Noeturjno.

399 1914 595 1950 Antiphonae.

222 2008 229 2015 .
254 1982 364 2014 Thura
392 1991 455 2014 non
481 1981 649 2023 offerimus,

254 2029 318 2062 Sed
344 2029 469 2062 Christo
496 2030 684 2063 sacrificium

256 2077 507 2119 immaculatum,

253 2125 312 2165 Qui
336 2125 369 2157 in
396 2126 467 2157 sinu
492 2126 593 2165 patris

253 2173 407 2205 Dominus
432 2173 600 2206 inhabitat.

254 2229 591 2273 Christusgveritatem

252 2277 322 2309 Nec
345 2276 579 2322 nonspietatem

253 2324 377 2357 Sanctis
405 2327 613 2370 conservavit,

253 2373 373 2405 Malum
399 2374 613 2407 venumdavit.

887 201 919 232 3.

883 1654 913 1688 1.

944 195 1163 238 Tunc'msancti
1187 200 1344 239 martyres

945 247 1041 286 Quasi
1065 255 1127 279 uno
1150 254 1206 277 ore

943 294 1129 328 Fundentes
1147 301 1258 333 preces
1273 292 1314 324 ad
1326 291 1498 323 Dominum

944 342 1104 375 Dixerunt
1128 348 1236 373 omnes
1261 340 1397 380 pariter:

943 389 1052 423 Omnis
1079 391 1225 421 creatura

943 437 1004 469 Est
1026 436 1155 469 Domini
1180 438 1212 467 et
1236 438 1333 468 terra.

1079 532 1287 567 Responsoria.

944 600 1067 641 Venite,
1093 602 1291 632 revertamur

941 648 994 680 Ad
1011 647 1192 686 Dominum,
1212 646 1335 687 quinos
1348 642 1495 682 salvabit,

940 695 1105 729 Percutiet
1128 703 1185 726 nos
1210 692 1375 733 martyrio,

941 741 1088 775 Salvabit

940 790 1008 822 Nos
1037 788 1267 822 misericordia.

940 838 1086 877 Mammas
1121 836 1285 867 Domiwas
1320 836 1348 865 et
1377 832 1494 865 lauda-

941 884 1016 917 bilis
1064 883 1180 926 nimis,
1231 882 1291 923 qui
1332 879 1498 913 coronavit

941 932 1101 972 martyres
1129 933 1267 963 sanctos.

942 1008 1048 1050 Quare
1062 1007 1199 1039 rubram
1216 1008 1260 1038 est
1270 1004 1498 1037 indumentum

942 1058 1034 1088 tuum
1067 1057 1097 1087 eb
1120 1049 1498 1095 vestimentaltuafsicut

940 1102 1142 1135 calcantium
1166 1100 1203 1131 in
1227 1099 1409 1133 torculari?

937 1150 1092 1182 Torcular
1118 1148 1239 1180 calcavi

941 1197 1018 1230 Cum
1048 1194 1262 1229 consortibus.

936 1245 960 1277 Ο
986 1252 1042 1276 vos
1067 1252 1185 1283 omnes,
1211 1244 1266 1284 qui
1289 1245 1443 1287 transitis,

936 1292 1075 1331 Propter
1100 1291 1220 1323 Christi
1244 1294 1403 1324 tormenta

939 1339 1073 1379 Oportet,
1097 1339 1262 1371 tormentis
1287 1338 1387 1379 sequi.

1001 1491 1048 1523 In
1074 1493 1106 1525 3.
1131 1490 1361 1523 Noeturno.

1081 1585 1277 1621 Antiphonae.

940 1652 979 1684 In
1005 1653 1127 1685 cithara
1150 1652 1220 1685 Deo
1245 1653 1376 1693 psallite

938 1700 983 1732 Et
1007 1700 1041 1732 in
1067 1700 1220 1741 cymbalis
1247 1701 1413 1739 concinite,

938 1747 1058 1788 Sancti,
1083 1748 1118 1779 in
1143 1748 1279 1780 Domino
1303 1751 1335 1780 et
1358 1749 1435 1782 iusti

936 1795 1116 1828 Exsultate.

939 1872 1032 1904 quta
1056 1881 1099 1912 es,
1125 1871 1271 1912 Domine,

936 1919 1112 1951 Tribulatis
1138 1920 1245 1962 corde,

936 1967 999 1999 Ore
1024 1970 1056 1998 et
1080 1975 1177 2006 opere

935 2014 1182 2047 Benedicentur.

904 2117 909 2121 .
938 2089 1083 2122 Gaudete
1108 2092 1139 2122 et
1162 2091 1336 2132 laetamini,

936 2138 1017 2177 Quia
1043 2138 1203 2171 orationes
1228 2142 1358 2173 nostrae

938 2184 1051 2218 Coram
1078 2186 1214 2230 Christo,

984 2241 1058 2274 rege
1082 2234 1264 2280 immortali,

935 2282 1100 2313 Veraeiter
1131 2283 1301 2316 exauditae
1325 2288 1408 2327 sunt,

938 2328 997 2369 Qui
1024 2332 1073 2361 est
1096 2332 1241 2363 nostrum
1266 2330 1434 2376 refugium,

983 2376 1071 2409 Deus
1097 2380 1215 2413 noster.
