1653 2567
462 213 566 243 Prosa.

270 258 322 290 De
345 261 492 293 convalle
518 266 716 304 paupertatis

318 307 371 339 Ad
397 310 548 341 aeternae

366 355 505 395 quietem
531 358 652 397 gloriae

268 401 401 435 Transit
424 411 548 443 gemma
573 406 715 448 pietatis,

317 448 496 492 Elisabeth,

367 507 493 539 gemma
516 499 713 540 Hungariae.

270 565 368 598 Cuius
393 566 547 598 membris
571 568 731 600 unctionis

313 612 436 654 Liquor
460 616 571 646 manat

365 661 423 694 sub
449 663 533 694 roris
559 663 676 707 specie,

269 708 336 747 Quo
362 710 507 742 diversae
532 710 686 743 laesionis

316 756 420 790 Dolor
445 759 548 790 omnis

365 808 497 838 sanatur
521 806 620 840 varie.

266 872 291 905 O
316 872 467 904 miranda
491 873 540 905 vis
560 873 690 906 virtutis

314 920 420 953 Huius
446 923 577 953 sanctae

365 968 483 1009 regalis
507 969 636 1009 viduae,

270 1015 357 1054 Quae
381 1016 518 1048 salutem
536 1016 650 1060 caecis,
676 1017 771 1050 mutis

318 1063 442 1103 Sardis,
470 1063 594 1096 claudis

364 1110 490 1143 confert
514 1111 644 1143 assidue

414 1158 586 1192 Defuncta.

775 1044 783 1060 ²

377 1256 406 1286 A
419 1255 439 1286 d
465 1255 493 1287 L
503 1264 522 1286 a
530 1264 552 1286 u
563 1254 582 1286 d
594 1263 611 1285 e
620 1264 645 1286 s.

411 1320 609 1357 Antiphonae.

209 1382 238 1414 l.
264 1379 334 1411 Tua
359 1379 552 1419 testimonia,

267 1427 406 1465 Christe,
433 1427 603 1459 credibilia

265 1475 386 1516 Nuptis
411 1477 486 1506 sunt
511 1477 544 1506 et.
566 1474 684 1517 viduis,

264 1523 348 1562 Quas
376 1523 494 1554 decore
517 1521 626 1554 induis

263 1571 309 1603 Et
333 1571 487 1603 virtutum
513 1570 625 1611 gloria.

206 1631 239 1662 2.
266 1628 377 1661 Omnis
402 1629 492 1659 terra
517 1626 654 1659 Domino

313 1676 432 1710 Iubilet
459 1678 492 1708 et
516 1675 640 1707 serviat

364 1723 441 1756 Cum
468 1723 528 1755 hac
553 1726 665 1756 sancta
687 1722 760 1763 Dei,

266 1772 363 1805 Cuius
389 1772 459 1803 sine
482 1771 620 1803 termino

311 1820 415 1853 Dulce
438 1820 539 1851 melos
564 1818 672 1851 obviat

356 1868 402 1901 Et
424 1868 581 1900 adhaeret
604 1869 643 1899 ei.

201 1928 232 1960 3.
260 1925 364 1968 Super
390 1926 472 1958 vitas
500 1925 612 1957 melior

257 1974 320 2007 Est
344 1974 577 2016 misericordia,

257 2023 357 2063 Quam
382 2022 519 2055 laudant,
543 2021 631 2054 labia

306 2071 518 2104 Militantium

828 124 898 159 263
948 145 993 150 ——

966 222 1011 255 Et
1034 223 1105 256 laus
1133 224 1258 257 dulcior

1012 270 1301 312 Triumphantium.

903 325 935 357 4.
962 325 1139 359 Benedicta
1164 328 1269 373 vidua,

965 373 1062 405 Cuius
1087 376 1157 407 laus
1183 377 1313 408 assidua

961 419 1070 452 Laudi
1094 421 1220 454 confert
1244 424 1416 467 hominum,

960 468 1131 501 Benedicit
1155 470 1336 504 Dominum.

928 549 935 556 .
964 524 1089 566 Cordis‚
1117 527 1192 569 oris,
1218 537 1324 568 operis

1010 573 1167 613 Tripudio

962 619 1040 652 Cum
1066 622 1218 655 adiuncta
1241 625 1366 664 superis

1009 668 1048 700 In
1074 670 1190 710 gaudio

963 715 1087 759 Lauda,
1113 717 1207 757 plebs
1231 718 1346 760 fidelis,

961 763 1133 797 Dominum
1161 765 1201 797 de
1226 768 1333 801 caelis,

1083 860 1130 888 Ad
1149 860 1336 889 Benedictus.

924 951 931 958 .
962 927 1050 959 Odor
1075 929 1277 970 aromaticus,

963 973 1159 1008 Refocillans
1185 978 1318 1018 spiritus

1011 1022 1092 1056 Exit
1116 1034 1136 1056 a
1158 1024 1327 1066 migrante,

964 1070 1058 1102 Circa
1083 1080 1198 1113 corpus
1224 1073 1353 1105 sedulus

961 1118 1037 1150 Flet
1061 1120 1193 1151 devotus
1218 1121 1355 1161 populus

1011 1166 1137 1199 Christo
1163 1167 1325 1211 visitante,

963 1213 1083 1247 Christi
1103 1216 1289 1256 redemptus
1315 1218 1468 1259 sanguine

960 1261 1006 1293 Et
1029 1261 1198 1303 insignitus
1224 1264 1352 1297 nomine

1008 1310 1087 1342 Post
1112 1311 1243 1351 ingemit
1270 1314 1302 1343 et
1326 1317 1410 1345 ante.

1031 1452 1076 1485 In
1103 1455 1134 1486 2.
1162 1453 1376 1495 Vesperis.

1082 1557 1128 1584 Ad
1148 1557 1329 1595 Magnificat.

917 1660 926 1668 .
955 1634 1062 1667 Filiae
1085 1636 1271 1680 Ierusalem,

960 1682 1187 1724 Consolamini,

957 1732 1106 1764 Vestram
1131 1732 1300 1765 imitamini

955 1779 1096 1812 Matrem
1120 1780 1308 1823 spiritalem,

954 1828 1008 1860 Ad
1034 1828 1117 1861 hanc
1142 1829 1311 1862 elevamini

956 1876 1080 1909 Pietate
1105 1877 1246 1918 Domini,

956 1925 1017 1964 Qui
1043 1925 1209 1958 columbae
1234 1926 1353 1958 similes

953 1973 999 2006 Et
1023 1973 1166 2014 serpenti
1191 1974 1333 2017 respicit,

954 2021 999 2054 Et
1023 2022 1179 2062 superbos
1205 2022 1343 2062 despicit

953 2070 998 2102 Et
1023 2071 1145 2102 exaltat
1170 2070 1316 2102 humiles.

262 2147 347 2175 Brev.
374 2154 429 2174 ms.
455 2147 646 2175 Bisuntinum
675 2154 752 2174 saec.
775 2144 820 2174 15.
862 2145 932 2174 Cod.
953 2145 1083 2174 Parisin.
1108 2143 1215 2173 10487.
1235 2146 1270 2174 A.
1293 2160 1329 2164 —
1355 2148 1441 2175 Brev.
1464 2157 1503 2177 ms

185 2186 215 2214 S.
237 2185 442 2213 Waldetrudis
456 2186 588 2213 Monten.
612 2193 687 2213 saec.
705 2182 749 2212 15.
789 2185 859 2213 Cod.
874 2185 1006 2213 Duacen.
1031 2182 1094 2213 164.
1109 2185 1142 2212 B.
1157 2200 1191 2203 —
1213 2185 1299 2213 BreV.
1314 2193 1367 2214 ms.
1383 2187 1504 2215 Francis

189 2233 295 2253 canum
316 2224 388 2252 anni
411 2221 486 2251 1412
505 2221 735 2259 (Privatbesitz).
758 2224 790 2252 C.
815 2238 852 2243 —

258 2263 301 2291 In
323 2261 349 2290 1.
363 2262 433 2290 Ves
441 2270 469 2297 p.
485 2260 507 2289 Α
523 2260 551 2296 2,
568 2261 582 2290 1
606 2263 642 2291 In
657 2270 738 2290 nova
752 2263 783 2291 Ο.
802 2276 839 2280 -
860 2259 883 2288 Α
896 2260 924 2295 4,
941 2259 959 2290 3
979 2261 1051 2289 felix
1064 2261 1183 2289 homine
1198 2262 1230 2295 B,
1252 2262 1324 2289 felix
1338 2265 1458 2292 omnino
1476 2264 1515 2300 (23

182 2303 252 2330 lies:
282 2301 388 2330 l’etens
409 2301 481 2329 felix
502 2301 712 2337 consequitur?
739 2315 780 2320 -
805 2301 848 2329 In
871 2298 897 2327 1.
917 2301 1022 2329 Noct.
1044 2300 1097 2328 hat
1114 2303 1139 2328 B
1161 2301 1270 2329 andere
1289 2301 1517 2338 Responsorien,

182 2339 330 2368 nlimlich:

235 2386 260 2415 1.
280 2388 418 2422 Pulchra,
440 2389 569 2424 prudens
592 2391 623 2416 et
641 2388 753 2416 nobilis

317 2427 408 2463 Regis
430 2428 576 2462 quondam
598 2427 670 2463 filia,

940 2388 1054 2422 Dulcis,
1076 2389 1160 2415 mitis
1182 2391 1212 2416 et
1231 2388 1353 2417 humilis

977 2426 1083 2455 Mundi
1104 2427 1217 2463 sprevit
1235 2427 1352 2464 gaudia,
