1653 2567
737 107 973 143 -17-

404 202 613 239 Responsoria.

206 259 236 291 1.
265 258 385 291 Christi
414 260 457 292 ad
481 259 651 302 imaginem

266 306 376 339 Sancti
399 305 554 340 fuderunt
578 310 762 350 sanguinem

309 354 523 395 Unanimiter‚

264 402 348 441 Quos
373 403 416 435 ad
441 412 573 443 regnum
600 406 759 436 caelorum

263 449 309 481 Et
333 450 374 482 ad
400 452 582 483 sanctorum
610 452 740 484 chorum

311 497 410 529 Vexit
430 498 586 531 Dominus
616 500 773 533 hilariter.

190 545 230 577 V.
260 545 330 577 Hos
357 546 441 578 ensis
467 554 529 578 non
555 548 673 579 terruit

263 592 332 624 Nec
357 593 469 634 hostis,
498 593 573 625 dum
598 594 692 626 irruit

309 641 348 672 In
374 649 427 673 eos
453 642 605 682 graviter.

203 698 234 730 2.
260 697 375 730 Flores
406 702 635 740 apparuerunt,

263 745 346 777 Dum
370 747 473 778 sancti
497 747 697 780 transierunt

261 793 312 825 De
337 793 398 825 hoc
422 794 541 826 mundo
566 795 605 826 ad
632 795 749 836 sidera,

267 840 329 874 Ubi
354 844 490 881 regnant
514 841 547 873 in
572 843 690 883 gloria3

262 888 382 928 Quibus
407 889 578 929 respondit
599 890 764 930 Dominus,

262 936 348 968 Dum
373 939 500 976 peteret
523 937 696 970 Achatius:

187 984 230 1017 V.
257 984 348 1026 Quae
358 985 501 1028 petistis,
528 984 732 1018 dilectissimi
747 988 820 1029 mei,

261 1031 372 1065 scitote
394 1041 449 1065 vos
473 1033 675 1072 impetrasse.

202 1091 233 1123 3.
261 1089 296 1122 Si
322 1090 449 1129 quaeris
475 1090 642 1131 miracula,

307 1136 409 1177 Mors,
437 1146 538 1176 error,
567 1138 742 1179 calamitas,

357 1184 512 1225 Daemon,
538 1185 632 1225 lepra
655 1185 791 1228 fugiunt,

403 1232 505 1274 Aegri
530 1236 666 1273 surgunt
688 1235 768 1276 sani,

260 1280 388 1313 Cedunt
412 1288 511 1321 mare,
537 1281 677 1322 vincula,

306 1327 456 1360 Membra
480 1336 595 1368 resque
619 1329 766 1368 perditas

352 1376 472 1408 Petunt
497 1378 530 1407 et
554 1377 717 1416 accipiunt

401 1423 541 1457 Juvenes
567 1426 599 1455 et
625 1424 713 1464 cani;

183 1472 222 1504 V.
254 1472 395 1504 Pereunt
426 1471 581 1515 pericula,

306 1519 419 1552 Cessat
444 1521 476 1551 et
500 1520 684 1564 necessitas,

355 1567 499 1600 Narrent
522 1567 567 1608 hi,
594 1568 647 1607 qui
665 1567 816 1610 sentiunt,

400 1615 447 1648 Et
470 1614 679 1648 Alexandria.

351 1702 398 1734 In
422 1701 657 1735 Laudibus,

397 1767 595 1805 Antiphonae.

196 1817 226 1851 1.
253 1817 381 1850 Sanctis
408 1826 479 1850 cum
504 1816 701 1857 martyribus

256 1866 386 1906 Martyr
410 1866 474 1898 Dei
499 1865 657 1897 Achatius

303 1914 358 1946 Ad
383 1922 482 1955 regna
507 1913 727 1953 transmeavit,

252 1962 290 1994 In
316 1961 431 2002 quibus
457 1963 533 1995 ante
556 1962 686 1994 saecula

302 2009 459 2042 Dominus
484 2010 641 2052 regnavit.

194 2069 224 2100 2.
251 2068 393 2107 Quorum
416 2067 546 2108 sanguis
572 2067 721 2099 innoxius

301 2115 380 2148 Cum
406 2116 440 2148 in
468 2115 661 2148 contritione

893 995 923 1027 5.

876 1251 916 1284 A.

951 205 1055 237 Fusus
1082 206 1128 235 est
1150 204 1287 237 alacrius

999 254 1035 285 In
1063 253 1284 293 exsultatione,

951 300 1054 332 Deum
1086 300 1219 332 laudant
1242 300 1366 333 avidius

1001 348 1080 382 Cum
1104 347 1300 380 iubilatione.

953 406 1006 438 Ad
1029 407 1061 438 te
1085 407 1265 437 sanctorum
1291 406 1417 438 animae

953 453 1073 485 Sitiunt
1095 461 1157 484 non
1182 453 1320 492 minime,

954 501 1092 539 Quorum
1123 500 1186 531 dux
1210 500 1365 532 Achatius

956 548 1017 580 Pro
1041 550 1074 579 te
1099 550 1147 579 est
1169 548 1201 579 in
1229 556 1322 580 cruce
1346 557 1468 588 passuS‚

952 595 997 627 Et
1020 598 1062 635 te,
1089 603 1146 627 rex
1171 604 1291 636 regum,
1318 596 1463 636 Domine,

952 642 1025 674 Non
1050 644 1158 674 tacent
1182 643 1382 678 benedicere.

952 698 1061 731 Sancti
1088 701 1120 730 et
1145 700 1248 743 electi,

953 746 1013 786 Qui
1038 747 1114 779 estis
1138 747 1313 780 transvecti

1000 795 1053 826 Ad
1083 795 1163 826 caeli
1187 803 1336 835 superna,

953 842 1057 874 Deum
1081 841 1273 882 benedicite,

952 889 1046 922 Cuius
1069 889 1102 921 in
1129 890 1210 922 caeli
1235 890 1372 922 culmine

999 937 1154 970 Achatius
1185 941 1234 969 est
1257 946 1365 971 verna.

951 994 1055 1026 Deum
1079 994 1214 1026 laudant
1236 996 1350 1037 omnia,

953 1041 1091 1081 Caelum,
1119 1045 1215 1082 terra,
1242 1043 1351 1085 maria,

952 1089 1011 1128 Qui
1038 1089 1129 1121 duxit
1153 1090 1195 1122 ad
1222 1090 1373 1122 caelestia

953 1136 1086 1169 Sanctos
1111 1146 1185 1169 suos
1210 1138 1244 1169 in
1269 1137 1381 1177 gloria.

1067 1201 1114 1229 Ad
1132 1203 1317 1230 Benedictus.

949 1252 974 1284 Ο
999 1259 1174 1291 pauperum
1200 1251 1387 1293 subsidium,

949 1299 975 1332 O
1000 1299 1143 1331 exsulum
1166 1298 1335 1340 refugium,

996 1347 1056 1386 Qui
1081 1349 1216 1378 mortem
1242 1347 1344 1378 crucis
1372 1348 1486 1380 subisti

996 1395 1187 1435 Martyrque
1205 1393 1309 1427 factus
1328 1403 1361 1426 es
1376 1395 1494 1429 Christi

947 1442 1001 1474 Ad
1025 1445 1057 1474 te
1081 1442 1128 1473 tui
1153 1450 1312 1482 pauperes

948 1489 1129 1523 Clamamus
1155 1492 1188 1521 et
1213 1490 1356 1522 exsules:

994 1537 1062 1570 Nos
1088 1540 1209 1569 stantes
1233 1539 1268 1570 in
1294 1538 1405 1571 exsilio

998 1586 1193 1619 Commenda
1216 1586 1278 1618 Dei
1303 1585 1380 1619 filio.

1499 1421 1508 1439 7

1017 1663 1064 1695 In
1091 1663 1124 1695 2.
1149 1661 1369 1702 VesperiS.

1065 1727 1113 1755 Ad
1131 1727 1314 1764 Magnificat.

948 1777 973 1810 O
999 1778 1123 1816 martyr
1147 1776 1364 1818 invictissime,

945 1825 969 1857 O
995 1825 1147 1865 princeps
1168 1825 1393 1869 insignissime,

993 1873 1072 1905 Tuis
1102 1881 1172 1905 cum
1199 1873 1398 1906 consortibus

994 1921 1065 1953 Illis
1091 1921 1134 1952 sis
1160 1921 1329 1963 propitius,

946 1969 1006 2008 Qui
1032 1971 1065 2001 te
1089 1969 1122 2000 in
1149 1970 1261 2001 exsilio

945 2017 1126 2057 Implorant
1147 2026 1206 2057 pro
1228 2017 1367 2058 auxili03

995 2064 1124 2105 Achati,
1149 2064 1221 2097 Deo
1249 2073 1332 2104 care,

993 2113 1058 2146 Pro
1083 2112 1176 2144 nobis
1203 2113 1390 2153 deprecare.

254 2182 341 2209 Brev.
368 2190 423 2209 ms.
444 2181 624 2209 Secoviense
647 2178 681 2216 (2)
709 2187 785 2207 saec.
808 2176 852 2206 14.
894 2176 963 2205 Cod.
984 2177 1125 2206 Graecen.
1146 2175 1212 2204 471.
1241 2191 1277 2196 --
1301 2177 1353 2205 Ad
1372 2179 1504 2206 Matut.

175 2220 266 2248 Invit.
290 2218 314 2247 1.
335 2220 412 2255 Regi
432 2228 543 2257 regum,
566 2220 618 2256 qui
636 2218 715 2246 fecit.
745 2216 893 2244 Dasselbe
911 2217 953 2243 ist
972 2216 1037 2243 dem
1052 2214 1188 2244 Officium
1208 2217 1412 2253 impressionis
1434 2218 1504 2253 stig-

177 2261 290 2286 matum
311 2266 333 2285 s.
350 2258 503 2287 Francisci
517 2258 657 2285 entiehnt.
679 2270 716 2276 -—
729 2255 772 2283 In
793 2253 818 2282 1.
832 2255 935 2283 Noct.
951 2252 973 2280 Α
988 2252 1015 2288 3,
1037 2252 1055 2282 3
1072 2255 1142 2280 sunt
1154 2254 1237 2282 fehlt.
1252 2269 1289 2275 --
1304 2255 1348 2283 In
1361 2253 1387 2282 2.
1401 2256 1506 2284 Noct.

178 2295 199 2323 R
228 2295 246 2324 2
266 2298 312 2325 De
339 2299 436 2324 cetero
461 2305 546 2325 nemo
567 2296 639 2324 mihi
661 2294 803 2323 molestus
821 2295 862 2321 sit
882 2294 934 2320 etc.
956 2291 1110 2328 prosaisch
1129 2300 1182 2320 aus
1203 2293 1269 2322 Gal.
1290 2291 1322 2329 6,
1347 2292 1381 2322 17
1403 2304 1446 2332 sq.
1467 2310 1499 2314 —

176 2336 221 2364 In
241 2333 268 2363 3.
289 2335 393 2363 Noct.
415 2333 437 2361 Α
465 2333 497 2370 3,
525 2333 543 2363 5

565 2335 624 2369 Qui
650 2335 695 2362 est
713 2333 822 2360 noster.
844 2345 881 2351 -·
904 2328 924 2357 Β
946 2328 963 2359 3
984 2332 1025 2358 ist
1044 2331 1110 2358 dem
1131 2330 1267 2360 Officium
1288 2332 1341 2360 auf
1356 2334 1504 2362 Antonius

176 2382 236 2401 von
256 2373 361 2402 Padua
390 2374 532 2402 enflehnt.
553 2388 591 2392 -
610 2373 673 2400 Der
693 2370 716 2397 Α
738 2370 775 2397 ad
795 2369 903 2398 Bened.
924 2369 995 2405 geht
1014 2370 1081 2397 eine
1101 2369 1208 2399 andere
1227 2372 1400 2408 prosaische
1419 2373 1503 2401 Anti-

177 2412 258 2448 phon
277 2412 393 2447 vorher‚
414 2412 466 2441 der
489 2412 526 2441 ad
545 2412 625 2447 Mag.
646 2412 679 2438 in
699 2407 726 2437 2.
747 2409 835 2445 Vesp.
856 2408 932 2444 folgt
951 2409 1017 2436 eine
1037 2409 1111 2437 eben
1131 2409 1239 2439 solche.

233 2463 350 2490 Blume.
365 2463 489 2487 Historiae
502 2462 659 2491 rhythmicae.
688 2461 718 2484 V.

1313 2456 1331 2485 2
