1653 2567
685 147 944 181 *191-

153 235 174 266 Β
197 237 224 273 2,
244 238 264 267 4
284 239 389 268 Gloria
408 242 438 267 et
456 248 528 276 prae
547 241 579 268 F.
601 256 638 262 —-
658 242 700 269 In
720 239 747 268 2.
768 242 868 270 Noct.
890 240 913 269 Α
937 239 961 276 1,
976 240 993 270 3
1014 243 1132 278 aptatur
1150 239 1186 269 Ε.
1208 255 1247 259 -
1269 236 1291 266 Α
1315 237 1338 272 1,
1353 237 1373 267 4
1388 238 1469 267 diea-

152 279 201 305 tur
212 278 250 305 E.
271 293 310 297 —
330 277 352 305 Α
373 276 391 306 2
412 279 472 306 und
493 276 511 306 3
531 280 702 317 umgestellt.
713 279 749 308 E.
769 296 808 300 —
827 278 851 307 Α
871 278 901 316 3,
920 279 938 308 2
959 288 1031 316 quos
1051 288 1147 317 poena
1165 278 1240 306 fehlt
1256 278 1291 306 Y.
1312 292 1350 296 -—
1371 276 1393 304 Α
1409 274 1436 310 3,
1451 274 1470 304 3

151 315 261 352 Effigie
280 324 366 345 saera
384 316 425 350 E,
448 319 521 345 scite
542 318 575 345 Y.
597 332 629 337 -—
656 316 677 344 Β
700 317 725 351 1,
746 316 764 345 2
785 320 874 346 ruunt
886 318 1036 355 papilione
1055 318 1087 345 Y.
1109 333 1145 337 —
1169 314 1188 342 Β
1211 315 1237 351 2,
1260 313 1294 343 11
1316 324 1359 352 sq.
1379 315 1468 343 Lies:

152 353 238 382 Vidit
256 356 287 382 in
307 356 498 383 tabernaculo
516 356 621 391 Ignem
642 357 739 385 caelos
760 358 947 393 tangentem?
969 371 1003 375 ——
1025 357 1065 384 In
1085 353 1111 384 3.
1125 356 1227 384 Noct.
1248 353 1268 380 Α
1291 352 1315 388 1,
1338 354 1352 382 1
1367 355 1470 382 Aeter-

152 401 224 420 num
244 402 339 421 rorem
352 394 385 421 F.
399 408 430 412 —
459 392 481 419 Α
498 391 522 427 1,
536 392 557 421 4
576 394 712 423 laureare
724 394 824 422 florem
838 394 873 421 Ε.
895 411 932 415 -—
953 391 975 420 Β
991 393 1017 428 2,
1034 394 1048 423 1
1067 394 1193 422 Laetare
1205 395 1255 430 pio
1269 392 1343 420 festo
1358 392 1420 420 EY.
1436 408 1472 411 —

153 428 174 458 Β
196 428 222 464 2,
245 430 262 458 2
289 431 441 468 Birgensis
471 431 598 460 ecclesia
623 432 664 465 E,
693 432 890 469 Thuregensis
918 433 1042 461 eeclesia
1061 432 1095 460 Y.
1122 448 1158 452 -
1187 429 1206 457 Β
1228 430 1256 466 2,
1277 428 1295 458 3
1313 430 1473 458 Exsultata

155 471 251 497 saneti
270 469 306 504 E,
327 473 389 498 tam
410 471 505 498 sancti
525 470 584 497 FY.
604 485 642 491 -—-
665 468 685 497 Β
707 469 734 503 3,
758 469 772 498 1
794 472 929 500 Gloriose
949 480 1001 498 rex
1021 471 1170 499 confessor
1189 470 1221 497 F.
1241 485 1279 489 —
1298 469 1339 496 In
1360 468 1471 497 Laud.

153 505 176 534 Α
192 505 218 541 5,
233 506 253 535 4
266 507 406 536 lacertam
421 510 528 536 veniae
540 509 573 535 F.
587 524 626 529 —-
645 508 691 536 Ad
704 509 812 537 Bened.
828 508 860 543 Α,
881 508 895 536 1
917 509 995 538 Solis
1010 509 1138 537 defectus
1151 508 1187 537 Ε.
1207 523 1246 527 -
1265 509 1307 536 In
1327 505 1354 535 2,
1368 507 1471 542 Vesp.

155 545 192 572 ad
211 546 312 584 Meg-n.
334 546 352 572 Α
375 546 399 574 Ο
421 555 487 582 spes
509 546 636 575 adflictis
658 550 711 575 ete.
732 546 778 580 133
799 547 858 584 vgl.
880 549 911 574 in
934 546 958 575 1.
979 548 1067 584 Vesp.

229 585 428 621 Ubergangen
447 584 513 612 sind
529 585 600 620 jene
614 585 853 622 Abweiehungen
871 586 931 613 und
948 585 1180 621 Umstellungen,
1202 584 1313 612 welche
1330 593 1386 611 nur
1406 583 1472 610 (lem

152 622 315 650 Umstande
336 623 574 655 zuzusehreiben,
596 622 660 651 dass
682 624 779 660 einige
795 623 919 658 Quellen
940 624 1136 651 monastisehe
1149 624 1237 651 Form
1257 623 1307 650 (les
1322 621 1471 650 Officiums

151 661 262 696 haben,
290 661 328 688 da
355 662 436 689 ‹liese
461 661 526 689 hier
551 662 635 689 nieht
662 663 693 689 in
719 662 858 690 Betraeht
881 662 1001 690 kommt.
1040 661 1113 689 Zum
1141 660 1276 690 Officium
1299 660 1404 697 gehort
1424 660 1473 687 (ler

152 698 305 733 Hymnus:
337 700 360 728 O
382 708 434 727 rex
455 701 534 727 orbis
556 700 752 736 triumphator
770 698 890 736 (Daniel
909 701 932 734 Ι,
954 697 1034 735 305);
1061 699 1088 726 Ε
1109 700 1162 727 hat
1180 701 1253 726 statt
1272 698 1388 726 dessen:
1413 697 1473 725 Hie

156 739 202 764 est
220 746 308 765 verus
330 737 509 766 christicola
527 737 613 773 (Dan,
633 738 658 771 Ι,
680 735 753 772 303).
793 739 852 766 Die
874 739 971 766 reiehe
989 738 1063 766 Zahl
1083 737 1134 765 der
1155 737 1291 772 Quellen,
1317 737 1364 764 die
1383 736 1474 764 leioht

156 783 193 802 zu
208 775 382 804 vermehren
395 777 483 811 wilre,
501 776 652 804 bekundet
665 777 713 804 die
726 777 812 804 weite
825 776 1022 813 Verbreitung
1036 777 1086 804 cler
1094 775 1267 812 Verehrung
1280 775 1368 804 Karls
1383 775 1408 802 d.
1425 774 1473 802 Gr.

154 813 199 841 Zu
218 814 278 850 vgl,
299 814 340 841 ist
359 813 572 842 riieksiehtlieh
593 815 644 842 der
656 814 844 851 Einfiihrung
865 815 915 842 des
929 815 1031 843 Festes
1050 814 1083 843 in
1096 814 1203 842 zurich
1217 814 1266 842 die
1278 815 1472 842 interes-sante

153 851 244 880 Notiz
265 853 315 880 bei
334 852 430 880 Morel
450 850 515 880 249.

618 974 662 1006 67.
694 976 737 1006 De
759 974 868 1006 sancto
892 973 1028 1006 Castulo.

290 1044 338 1076 In
364 1045 396 1077 1.
422 1045 646 1084 vesperis.
978 1044 1026 1075 In
1052 1042 1084 1076 1.
1109 1043 1347 1076 Nocturno.

151 1120 189 1153 R.
221 1120 348 1153 Nomen
374 1120 440 1152 eius
466 1121 514 1152 sic
539 1123 588 1152 est
614 1120 743 1162 dictum,
1059 1117 1257 1153 Antiphonae.

223 1166 326 1200 Nefas
350 1171 457 1208 tergat
482 1170 514 1200 et
540 1168 700 1207 delictum,
858 1176 889 1208 1·
915 1176 994 1215 Hos,
1021 1184 1099 1216 quos
1123 1176 1212 1208 Deus
1236 1175 1413 1216 praeelegit

225 1216 350 1248 Victum
378 1215 475 1248 donet
500 1218 530 1246 et
556 1215 706 1247 amictum
918 1223 1065 1256 Castulus
1093 1226 1122 1254 et
1149 1231 1226 1263 quos
1252 1222 1381 1263 collegit

225 1263 269 1295 Et
293 1267 367 1304 1³05t
390 1263 498 1318 Vitam-
514 1270 714 1304 ΡΥΟΞΡΘΓΜΠ,
964 1270 1086 1303 Romae
1109 1271 1143 1302 in
1167 1270 1299 1312 palatio,

226 1311 313 1350 Quae
338 1320 401 1343 non
427 1311 516 1343 duom
539 1319 721 1352 perperam·
860 1330 892 1360 2.
917 1327 1108 1360 Ieiunabant
1133 1331 1165 1359 et
1188 1327 1361 1367 plorabant

156 1358 194 1392 V.
228 1358 376 1391 Gaetulus
402 1358 455 1389 hio
479 1361 618 1397 sanctus,

274 1415 366 1446 quem
406 1415 470 1438 non
511 1407 655 1446 sequitur
694 1405 789 1438 modo
918 1375 1093 1416 Fletusque
1114 1375 1265 1416 lugubres
1292 1374 1413 1406 (labant

967 1422 1012 1454 Hi
1035 1424 1105 1455 sine
1129 1423 1254 1456 solatio.

555 1454 716 1495 planetus,

227 1501 324 1533 Ast&
346 1500 414 1533 fflio
441 1500 523 1534 caefi
866 1482 897 1514 3.
926 1479 1006 1512 Gaio
1032 1488 1110 1520 quos
1135 1488 1241 1521 papae
1266 1480 1367 1519 duxit,

275 1558 335 1590 pro
360 1548 452 1581 nobis
479 1549 577 1581 corde
602 1548 699 1581 fideli.
920 1528 959 1559 ln
984 1536 1044 1581 ΨΚ.)
1071 1536 1179 1580 ‘serum
1204 1526 1314 1580 lumen.
1335 1527 1430 1567 lUXst’

969 1574 1088 1615 Scnptl
1112 1575 1229 1615 probat
1253 1577 1346 1607 ra‘uo.

352 1653 399 1681 Ad
418 1651 599 1689 Mag-nificat.
1066 1649 1274 1685 Responsoria.

861 1709 891 1741 1.
917 1707 987 1740 Lex
1010 1716 1070 1748 per
1094 1707 1328 1740 Diocletianum

918 1755 981 1788 Est
1004 1755 1071 1787 lata
1095 1755 1213 1788 sanctis
1238 1755 1272 1788 in
1295 1765 1410 1788 vanum

966 1803 1012 1835 Et
1037 1804 1199 1846 descripta
1222 1804 1342 1844 taliter,

920 1852 1036 1884 Omnes
1060 1854 1096 1883 ut
1121 1850 1342 1884 sacrificarent

918 1899 990 1932 Diis
1017 1908 1132 1939 eosque
1157 1900 1329 1933 adorarent

965 1947 1100 1980 Diversi
1125 1948 1311 1990 aequaliter,

920 1995 1000 2036 Quia
1024 2004 1088 2027 non
1113 1995 1251 2037 suspicio

921 2043 984 2076 Suo
1010 2044 1053 2075 sit
1076 2044 1208 2084 palatio,

849 2091 887 2123 V.
919 2091 973 2124 Ad
999 2091 1084 2131 quod
1111 2091 1283 2124 currebant,

967 2139 1043 2170 iusti
1069 2148 1240 2181 secumque
1262 2139 1444 2173 manebant.

863 2199 893 2230 2.
916 2198 1022 2230 Erant
1046 2199 1151 2229 autem
1177 2196 1210 2228 hi
1234 2195 1374 2237 praefati

155 1732 196 1764 A.
228 1731 364 1764 Sanetus
389 1729 453 1762 iste
477 1730 638 1768 Gaetulus,

229 1779 358 1818 Martyr
382 1780 419 1810 ut
443 1778 616 1818 apostolus,

226 1827 325 1866 Quem
348 1826 484 1859 honoret
508 1826 659 1868 populus,

227 1874 272 1907 Ut
296 1874 339 1905 sit
362 1873 454 1907 nobis
479 1874 602 1907 loculus

225 1922 261 1954 In
291 1922 371 1954 caeli
396 1923 546 1963 secretis3

224 1971 280 2003 Illi
303 1970 433 2003 laudem
460 1970 552 2003 det-is.

290 2114 354 2146 Ad
378 2113 654 2147 Matutinum.

365 2218 583 2247 Invitatorium.
1079 2244 1085 2250 ,
1358 2245 1364 2251 ι

922 2246 1038 2279 Omnes
1060 2245 1155 2277 Simul
1181 2247 1367 2285 congregem

226 2298 409 2333 Adoremus
433 2304 541 2329 omnes
566 2295 740 2336 Christum,
969 2292 1035 2325 Sub
1060 2295 1219 2325 tormento
1244 2292 1334 2325 vario

226 2345 390 2381 Castulum
412 2346 466 2385 qui
492 2347 636 2378 sanctum
661 2344 758 2376 istum
923 2341 1038 2375 Cordis
1065 2350 1104 2373 ex
1130 2341 1289 2382 ergastulo

227 2394 314 2426 Voce
339 2394 525 2434 evangelica
920 2389 1019 2423 Gaius
1045 2398 1115 2422 cum
1142 2388 1272 2421 Castulo

225 2441 426 2477 Transduxit
446 2442 488 2474 ad
515 2441 645 2474 caelica.
969 2437 1108 2470 Ratione
1132 2437 1263 2479 zetario,
