1653 2567
683 136 943 171 -238—

236 235 356 267 Horum
384 234 469 266 cuius
494 234 640 265 baculum

278 283 440 314 Flammae
464 282 528 313 sint
552 283 716 322 vorantesg

230 329 306 361 Mox
332 329 390 361 Dei
415 329 530 360 iudicio

277 377 367 410 Unus
391 376 593 414 incineratur,

230 424 323 455 Alter
347 423 415 455 sine
440 423 515 454 vitio

281 471 413 503 Illaesus
438 472 637 512 asportatur3

191 542 197 548 .
229 517 299 549 Stat
322 515 466 558 pontifex
490 516 708 548 schismaticus

278 563 433 597 Confusus
458 566 488 594 et
514 564 656 606 elinguis,

232 611 305 643 Hoc
328 610 458 643 baculus
483 610 666 650 probaticus

278 658 355 690 Eius
382 654 481 701 [fecit]
511 661 543 688 et
566 658 657 697 ignis.

198 740 205 746 .
230 715 312 746 Dum
340 714 455 747 devota
478 713 595 745 femina

230 761 329 793 Verbi
353 760 414 793 Dei
438 762 559 793 semina

277 808 400 840 Devote
421 809 620 851 suscepisset,

230 856 407 895 Divinaque
431 856 582 894 mysteria

229 904 293 935 Per
316 905 426 934 sancta
452 902 611 934 desideria

277 950 336 981 Vir
360 949 423 982 Dei
447 950 680 990 complevisset,

229 998 342 1029 Potum
366 997 447 1037 petit
471 997 532 1028 sibi
559 997 637 1040 dari,

232 1043 297 1082 Quo
324 1044 434 1077 volens
458 1043 642 1085 refocillari,

276 1091 337 1123 Illa
362 1099 431 1122 cum
458 1092 606 1134 dedisset,

195 1162 202 1168 .
232 1138 296 1169 Vas
322 1147 384 1170 non
409 1139 505 1170 sentit
530 1139 753 1170 detrimentum

233 1185 269 1216 In
295 1186 417 1225 liquore
441 1194 499 1217 nec
525 1188 713 1227 contentum,

281 1232 340 1263 llle
368 1240 440 1263 cum
464 1233 607 1266 bibisset.

198 1311 206 1318 .
230 1287 420 1319 Praesulatu
440 1288 627 1320 sublimatus

279 1334 337 1366 Vir
362 1338 488 1367 sanctus
513 1335 709 1376 Desiderius‚

233 1381 302 1413 Deo
328 1382 459 1413 multum
483 1386 673 1426 peramatus‚

286 1429 415 1460 Plebem
441 1438 526 1461 suam
552 1430 679 1461 uberius

233 1476 451 1508 Praedicando
477 1475 665 1509 confortavit

235 1522 279 1553 Et
302 1524 335 1554 in
359 1521 424 1556 fide
447 1523 610 1556 roboravit

282 1570 371 1602 Intus
397 1573 428 1601 et
454 1571 602 1610 exterius,

197 1640 204 1647 .
235 1616 340 1649 Verbo
365 1620 499 1649 mentem
525 1620 709 1660 recreando,

235 1663 355 1704 Corpus
381 1664 450 1696 cibo
475 1664 685 1698 reformando.

319 1750 363 1781 In
388 1748 617 1786 Laudibus.

370 1814 564 1850 Antiphonae.

204 1888 210 1894 .
239 1865 316 1897 Cum
340 1863 382 1896 ad
406 1864 509 1895 locum
532 1866 687 1904 passionis

280 1911 387 1944 Sancti
412 1917 633 1952 pervenerunt,

231 1959 268 1991 In
293 1960 419 1991 modum
446 1959 595 1992 orationis

282 2006 357 2038 Sese
382 2010 632 2049 prostraverunt,

198 2088 204 2094 .
232 2063 291 2095 Vir
318 2064 447 2096 devotus
473 2063 534 2095 sibi
561 2065 640 2098 dura

233 2111 341 2143 Sciens
368 2114 525 2155 eventura,

233 2157 312 2190 Suos
336 2159 459 2190 monuit
483 2168 574 2191 orare

233 2205 301 2237 Nec
326 2215 344 2237 a
366 2205 432 2238 fide
459 2207 596 2240 deviare.

199 2289 206 2296 .
234 2263 325 2295 Prior
349 2263 441 2294 morti
468 2266 517 2295 est
541 2264 687 2296 addictus

279 2309 412 2342 Sanctus
438 2310 656 2353 Reginfridus‚

234 2357 407 2390 Semivivus
433 2361 481 2389 est
504 2359 634 2392 relictus

279 2405 357 2438 Post
378 2405 456 2438 haec
481 2415 590 2440 servus
615 2406 709 2440 fidus.

854 234 885 265 4.
911 232 995 264 Dum
1021 233 1166 264 iacerent
1189 232 1237 263 sic
1263 228 1414 271 prostrati

957 280 1059 312 Deum
1087 281 1264 319 exorantes,

909 328 1031 359 Assunt
1055 327 1114 359 viri
1140 326 1287 358 scelerati

957 374 1113 407 Praedam
1138 373 1329 405 affectantes.

853 434 884 464 5.
912 431 994 463 Dum
1018 432 1135 464 iaceret
1162 431 1208 462 sie
1232 432 1413 469 prostratus

956 478 1089 510 Sanctus
1114 477 1311 517 Desiderius,

909 526 1018 557 Hostis
1045 533 1119 557 ense
1142 524 1324 565 perforatus

955 573 1090 605 Exstitit
1114 573 1259 604 celerius.

1021 647 1066 675 Ad
1086 647 1273 674 Benedictus.

836 707 874 737 A.
906 706 965 737 Vir
991 706 1123 737 devotus
1151 705 1224 736 dum
1249 704 1426 744 perspexit,

905 752 1021 785 Servus
1049 755 1143 791 caput
1168 753 1252 792 quod
1279 752 1391 791 erexit,

953 799 1098 832 Sentiens
1123 800 1208 831 hunc
1233 801 1340 832 vivere

904 848 1008 888 Rogat
1033 846 1122 878 illum
1147 855 1299 887 regyrare

901 894 945 926 Et
969 893 1087 926 factum
1113 895 1295 926 renuntiare

952 942 1002 974 Ac
1026 943 1166 973 mortuos
1191 942 1358 975 reducere.

1022 1037 1045 1068 P
1058 1043 1074 1065 e
1085 1044 1102 1065 1·
1126 1034 1156 1066 H
1167 1044 1184 1066 0
1195 1045 1211 1066 r
1221 1045 1241 1067 a
1250 1045 1274 1068 S.

1049 1109 1094 1136 Ad
1113 1109 1252 1137 Primam.

835 1167 874 1199 A.
909 1166 1023 1199 Statim
1049 1171 1146 1206 caput
1172 1167 1374 1206 dispertitum

952 1215 1059 1253 Vepre
1082 1214 1244 1254 colligavit

907 1261 951 1293 Et
976 1270 1033 1301 per
1059 1269 1182 1292 cursum
1207 1262 1384 1294 semicitum

953 1308 1088 1340 Factum
1114 1309 1283 1341 nuntiavit.

1048 1382 1094 1410 Ad
1113 1383 1243 1410 Tertiam
1250 1404 1257 1410 .

841 1441 879 1472 A.
912 1440 1038 1472 Laudat
1062 1441 1163 1472 omnis
1188 1442 1278 1481 plebs
1304 1446 1431 1474 matura

961 1488 1108 1520 Sanctam
1133 1489 1323 1530 trinitatem,

910 1535 998 1574 Quod
1025 1545 1064 1568 ex
1089 1536 1146 1567 tali
1173 1537 1355 1569 coniectura

956 1583 1072 1615 Noscit
1094 1584 1273 1617 veritatem.

1058 1658 1104 1685 Ad
1127 1658 1255 1686 Sextam.

843 1716 882 1748 A.
913 1715 1028 1748 Statim
1052 1716 1167 1748 mulier
1194 1717 1308 1750 devota

960 1764 1039 1796 Cum
1062 1764 1157 1795 turba
1182 1765 1360 1797 vicinorum

912 1810 1101 1843 Sublimavit
1124 1811 1157 1842 in
1183 1812 1288 1845 birota

959 1859 1101 1898 Corpora
1123 1862 1303 1891 sanctorum

909 1905 953 1937 Et
977 1906 1018 1937 ad
1043 1914 1100 1937 sua
1126 1906 1307 1945 deportavit

911 1953 953 1984 Et
980 1954 1094 1985 devote
1118 1954 1287 1986 tumulavit

958 2000 1051 2033 More
1079 1999 1310 2034 defunctorum.

1058 2075 1105 2102 Ad.
1124 2076 1248 2103 Nonam.

839 2124 879 2155 A.
911 2124 994 2156 Dum
1021 2133 1090 2156 cum
1112 2126 1235 2164 praeda
1251 2126 1299 2158 sic
1316 2136 1374 2166 per
1391 2136 1468 2164 rura

959 2172 1076 2204 Hostes
1102 2172 1291 2205 oberrarent

914 2223 1023 2263 Atque
1047 2228 1081 2251 se
1105 2228 1164 2259 per
1189 2221 1289 2253 verba
1317 2222 1397 2255 dura

958 2266 1062 2299 Nimis
1087 2267 1252 2309 satiarent,

911 2315 1041 2347 Accidit
1062 2314 1125 2346 Dei
1150 2316 1302 2360 vindicta,

913 2362 956 2395 Ut
981 2371 1016 2394 se
1040 2363 1162 2402 praeda
1188 2363 1341 2397 derelict-a

958 2410 1071 2444 Mutuo
1097 2415 1258 2448 necarent,
