1653 2567
737 139 1000 174 -261—

278 233 363 265 Dum
387 234 422 265 in
447 242 503 265 suo
530 243 665 276 corpore

276 281 314 312 In
339 281 503 322 praesenti
527 283 673 323 tempore

278 328 352 360 Iesu
377 330 487 370 portat
510 329 671 372 stigmata,

277 374 342 408 Per
367 385 461 416 quam
486 379 609 416 septem
635 381 784 409 neumata

279 424 396 456 Mundi
419 424 548 465 replent
574 425 721 466 climata3

238 499 244 505 .
277 472 423 512 Regnum
448 471 659 516 obliviscitur,

276 519 362 552 Dum
387 521 553 552 aeternum
578 521 723 561 sequitur

277 568 407 609 Regem,
434 568 520 608 regis
544 567 613 600 filia

277 615 413 649 Manens
438 615 524 647 inter
548 616 627 648 vilia

277 663 519 705 Languidorum
544 663 720 697 schemata.

400 748 447 777 Ad
467 748 650 784 Magnificat-

238 832 245 839 .
278 807 368 840 Sicut
392 808 483 847 virgo
510 807 668 847 virginum

276 855 332 888 Ad
357 856 461 887 altare
487 855 659 887 Dominum

329 902 534 936 Offerendum
557 903 692 943 indicat,

280 951 335 984 Sic
357 960 486 984 suorum
512 959 682 990 puerorum

328 999 477 1039 Singulos
501 997 663 1039 purificat,

279 1047 420 1086 Quorum
440 1046 475 1077 in
500 1045 684 1078 muneribus

281 1094 396 1135 Corde,
423 1102 512 1133 voce,
539 1093 681 1125 moribus

327 1143 500 1174 Dominum
525 1140 719 1181 magnificat.

352 1267 413 1299 Ad
437 1265 706 1297 Matutinum.

416 1341 633 1370 Invitatorium.

278 1400 384 1433 Corde
409 1399 583 1440 psallamus
607 1398 746 1438 supplici

277 1449 376 1481 Trino
402 1447 470 1480 Deo
498 1450 529 1477 et
555 1446 705 1487 simplici,

277 1496 337 1537 Qui
365 1496 516 1527 dilectam
542 1503 631 1525 suam
658 1494 756 1526 donat

277 1542 448 1576 Elisabeth
474 1545 505 1573 et
533 1544 664 1574 coronat

277 1593 317 1625 In
347 1591 444 1623 caelis
468 1589 567 1622 hodie

282 1640 410 1673 Corona
433 1638 563 1678 gloriae.

345 1765 391 1797 In
419 1762 450 1796 1.
477 1762 710 1795 Nocturno.

428 1838 627 1874 Antiphonae.

242 1926 249 1931 .
275 1897 446 1932 Elisabeth

323 1947 459 1988 insignis
484 1954 612 1988 genere,

277 1996 316 2028 In
342 1995 464 2027 croceis

323 2044 447 2076 nutrita
472 2045 592 2085 tenere,

277 2092 354 2124 Plus
380 2091 485 2132 gratia

324 2149 419 2181 quam
448 2142 520 2170 ortu
547 2138 695 2177 celebris,

275 2188 322 2221 Ut
345 2185 479 2221 Lucifer

323 2237 421 2268 micat
446 2236 479 2266 in
506 2234 656 2266 tenebris.

243 2319 249 2325 .
277 2293 332 2326 Sui
358 2294 447 2326 lusus
473 2301 582 2333 opera,

277 2342 376 2383 Signa
402 2341 571 2382 pueritiae,

278 2390 338 2422 Pia
362 2389 605 2421 misericordiae

276 2437 498 2471 Praetendunt
522 2446 622 2477 opera.

975 237 1014 269 In
1039 245 1200 277 puerpera

973 284 1150 324 Tamquam
1172 285 1294 325 gratiae

974 332 1149 365 Primitiae.

939 413 946 420 .
971 389 1040 421 Iam
1066 389 1178 421 adulta
1202 390 1315 431 nuptui

973 436 1072 477 Virgo
1098 437 1220 468 tradita

972 484 1035 516 Est
1061 484 1168 517 divino
1196 485 1293 516 cultui

971 532 1077 573 Magis
1105 532 1225 572 dedita,

973 579 1073 618 Quam
1098 588 1191 612 sacra
1214 581 1305 612 nutui

973 627 1043 659 Viri
1068 627 1206 662 subdita.

1113 702 1322 738 Responsaria.

939 785 947 793 .
974 760 1078 800 Super
1102 769 1212 800 regum
1236 760 1399 792 schemata

976 808 1119 840 Vernaus
1144 811 1217 840 ortu
1243 808 1343 839 claret
1368 810 1443 839 nata

1020 856 1117 896 Regis
1140 855 1364 896 Hungarorum

974 903 1102 935 Nobilis
1125 903 1305 945 Elisabeth,

974 951 1085 991 Nupta
1109 951 1178 982 viro
1204 951 1308 982 virum
1333 950 1430 981 habet

1021 998 1143 1031 Ducem
1170 998 1424 1039 Thuringorun13

933 1071 941 1079 .
974 1046 1015 1078 Se
1041 1044 1219 1078 conformat
1243 1046 1332 1077 varie

973 1093 1062 1136 Paup
1067 1103 1154 1126 erum
1180 1093 1329 1125 miseriae

1021 1142 1130 1174 Mater
1154 1141 1354 1173 miserorum.

939 1223 946 1230 .
973 1198 1038 1230 Sub
1064 1198 1223 1238 Conrado,
1249 1197 1311 1229 Dei
1336 1198 1416 1237 viro,

973 1246 1071 1284 Quem
1097 1246 1230 1278 timebat
1255 1248 1342 1277 metu
1366 1246 1459 1284 miro,

1019 1294 1145 1326 Vovens
1170 1293 1403 1330 castimoniam,

968 1341 1130 1381 Aequisiti
1154 1341 1238 1372 male
1264 1341 1328 1372 cibi

974 1388 1052 1422 Cum
1080 1389 1205 1421 ancillis
1230 1397 1330 1428 parca
1354 1388 1416 1420 sibi

1020 1438 1142 1470 Horret
1166 1437 1367 1477 alimoniam;

933 1510 940 1518 .
971 1484 1131 1517 Exsecrat
1154 1484 1310 1516 illicitum.

974 1532 1083 1564 Solum
1107 1532 1233 1571 quaerit
1257 1532 1380 1563 licitum

1020 1581 1160 1620 Propter
1186 1580 1424 1612 continentiam.

939 1664 947 1672 .
973 1637 1041 1670 Lac
1064 1637 1202 1676 fluentis
1229 1637 1293 1668 mel
1316 1638 1487 1678 manantis,

976 1686 1069 1718 Vitae
1093 1685 1216 1717 fructus
1242 1688 1351 1717 terrae
1378 1686 1483 1718 dantis

1020 1733 1140 1767 Tendit
1166 1734 1207 1765 ad
1233 1734 1438 1777 promissum,

973 1781 1056 1814 Dum
1083 1782 1123 1814 ab
1150 1781 1215 1813 alto
1241 1782 1362 1821 gloriae

976 1831 1143 1870 Particeps
1166 1830 1315 1861 miseriae

1023 1879 1173 1910 Penetrat
1199 1878 1371 1918 abyssum3

931 1952 939 1960 .
971 1926 1025 1959 Sic
1049 1927 1192 1959 laborem
1217 1926 1370 1958 Dominus

1019 1976 1057 2008 In
1082 1978 1256 2016 praecepto
1280 1974 1383 2015 fingit,

972 2022 1027 2055 Sic
1049 2024 1084 2055 in
1108 2022 1182 2062 ipsa
1205 2022 1348 2063 geminus

1019 2073 1120 2103 Amor
1146 2079 1275 2102 coccum
1300 2071 1405 2111 tingit,

1020 2119 1074 2152 Sic
1095 2121 1262 2158 retorquet
1286 2118 1426 2160 byssum.

1036 2207 1081 2239 In
1109 2206 1140 2237 2.
1168 2204 1398 2238 Nocturno.

1120 2280 1319 2315 Antiphonae.

938 2366 945 2373 .
972 2340 1132 2373 Defuncto
1157 2340 1354 2381 Lantgravio

973 2389 1036 2421 Pro
1059 2388 1190 2421 caelesti
1214 2388 1326 2421 bravio

1021 2438 1128 2470 Vidua
1154 2437 1290 2478 deiecta,
