1655 2568
741 138 997 175 —285-

280 237 436 276 Populum
462 238 547 269 hunc
571 235 746 275 sanctifica,

279 284 437 325 psallens,
464 286 497 316 in
522 283 736 324 refrigerium,

280 331 419 372 Christe,
444 340 503 372 per
527 335 616 362 tuum
638 331 792 363 auxilium

208 379 246 412 V.
277 379 387 419 Ignem
414 382 446 410 et
471 387 585 418 aquam
612 378 784 410 transimus

227 1559 258 1591 5.

281 426 326 459 Et
348 427 550 466 propitiante
572 427 727 458 venimus.

376 523 424 555 In
449 522 685 555 Laudibus.

426 596 625 633 Antiphonae.

284 656 410 690 Laudes
436 656 505 688 Deo
532 655 734 699 decantabat,

285 705 345 736 Pro
372 708 467 745 gente
492 703 594 735 Deum
622 703 786 742 exorabat,

284 752 410 785 Clamat
422 761 518 793 gens:
542 761 674 792 magnus
689 755 734 783 est
746 752 844 792 Deus,

284 800 385 839 Quem
410 800 579 840 praedicat

335 849 465 888 praesul
492 856 586 879 verus
613 848 787 880 Naaareus.

251 934 257 940 .
284 906 382 939 Artes
407 914 571 946 magorum
596 907 759 945 operatur,

287 953 407 986 Caesar
432 953 585 993 populum
611 953 659 984 sic
683 951 824 994 adfatur,

285 1001 369 1033 Vota
396 1001 457 1033 diis
484 1000 642 1040 exhibete,

285 1050 420 1083 Incenso
450 1051 522 1080 ture
547 1047 725 1081 confovete.

285 1106 445 1145 Martyris
470 1105 619 1137 maxillas
646 1106 814 1138 contundit

286 1153 424 1195 Caesar,
460 1154 534 1186 dum
559 1153 685 1185 abiecta
708 1162 771 1184 non
798 1163 847 1185 re—

618 1200 726 1233 fundit

287 1249 442 1283 Erasmus
468 1256 624 1288 responsa
648 1252 748 1292 grata,

287 1297 412 1332 Fidelis
436 1296 501 1329 Dei
524 1296 657 1329 athleta.

288 1354 487 1394 Benedicite‚
515 1354 631 1394 angeli,
658 1354 770 1398 Deum,

286 1402 347 1442 Qui
374 1404 535 1434 certantes
560 1402 593 1433 in
620 1411 721 1443 agone

288 1476 718 1485 ........

286 1557 325 1589 In
351 1555 448 1587 caelis
473 1553 542 1587 Deo

288 1603 339 1637 Sit
363 1603 466 1643 gloria
492 1611 561 1634 cum
588 1603 737 1642 iubilaeo,

295 1670 382 1698 Brev.
417 1678 473 1698 ms,
507 1669 727 1707 Bambergense
763 1679 840 1698 saec.
876 1668 920 1697 15.

969 235 1014 267 Et
1038 243 1102 274 pax
1126 233 1230 264 bonae
1254 231 1426 264 voluntatis

972 281 1021 313 Sit
1051 280 1232 311 hominibus
1257 279 1388 312 renatis.

1092 354 1139 382 Ad
1159 352 1346 381 Benedictus.

933 440 940 446 .
974 412 1135 453 Hymnum
1162 411 1259 443 trium
1286 410 1479 443 decantabat

974 460 1165 499 Puerorum,
1207 457 1369 491 Christum
1407 458 1529 497 magni-

1316 504 1454 538 ficabat:

973 554 1167 587 Benedictus
1193 563 1226 585 es
1251 553 1284 584 in
1304 553 1392 593 regni
1409 553 1534 591 throno,

973 602 1110 635 Domine
1135 601 1234 642 Deus,
1261 601 1392 633 caelesti
1419 600 1501 633 dono

975 650 1073 683 Salva
1102 650 1188 681 hunc
1213 649 1365 690 populum
1391 652 1423 680 te
1447 647 1534 679 invo-

1306 699 1440 735 cantem,

975 747 1119 787 Agonem
1142 753 1243 776 meum
1273 745 1520 784 exspectantem.

1047 851 1093 884 In
1120 852 1153 884 2.
1179 849 1395 889 Vesperis.

1098 925 1144 952 Ad
1161 923 1343 962 Magnifieat.

906 986 946 1018 A.
976 985 1064 1026 Veni,
1091 983 1194 1023 inquit
1219 991 1281 1014 vox
1305 982 1424 1022 divina,

980 1031 1092 1063 Mundi
1119 1031 1211 1063 huius
1237 1039 1257 1062 a
1281 1030 1374 1061 ruina

979 1079 1131 1111 Bravium
1157 1078 1237 1110 caeli

980 1127 1072 1159 Dono
1099 1126 1176 1158 tolle
1201 1124 1299 1161 fideli,

979 1175 1038 1215 Qui
1063 1174 1104 1205 ad
1132 1174 1235 1205 caelos
1263 1172 1343 1204 vidit
1369 1180 1493 1204 sursum

980 1223 1141 1256 Caelestes
1168 1221 1282 1253 choros
1306 1220 1339 1251 in
1366 1228 1531 1251 occursum

979 1269 1047 1302 Sibi
1072 1272 1242 1309 pergentes
1268 1270 1456 1307 martyrum,

978 1318 1041 1350 Dei
1067 1315 1284 1348 confessorum
1310 1320 1448 1347 omnium

981 1364 1165 1404 Christique
1189 1363 1406 1404 apostolorum

978 1413 1024 1445 Et
1048 1415 1230 1444 sanctorum
1257 1411 1450 1452 angelorum,

981 1460 1157 1494 Offerentes
1187 1459 1368 1501 aureolam3

983 1508 1088 1548 Caput
1112 1517 1202 1539 suum
1227 1506 1405 1544 inclinavit,

982 1555 1136 1596 Spiritum
1163 1555 1233 1587 Deo
1264 1554 1498 1586 commendavit

981 1603 1129 1636 Tradens
1153 1606 1295 1635 sanctam
1322 1602 1471 1634 animam.

977 1670 1050 1698 Cim.
1081 1669 1241 1697 Monacen.
1279 1666 1390 1696 24004.
1428 1682 1467 1687 -—
1500 1667 1544 1695 In

218 1708 242 1737 1.
263 1710 372 1743 Vesp.
394 1706 417 1734 A
440 1706 463 1743 1,
479 1705 497 1735 2
519 1707 604 1741 Quae
624 1709 700 1735 tanti
721 1708 870 1744 pontificis
891 1709 1055 1736 sollemnia.
1069 1722 1107 1726 —
1128 1706 1151 1733 A
1176 1706 1199 1741 1,
1216 1705 1234 1736 3
1255 1706 1353 1734 Hodie
1373 1706 1488 1735 recolis.
1505 1720 1544 1724 —

217 1747 239 1775 A
262 1747 288 1781 5,
311 1744 329 1775 3
351 1747 455 1774 Datur.
474 1760 507 1765 ——
532 1746 574 1774 In
597 1745 621 1773 1.
642 1747 745 1774 Noct.
767 1746 789 1773 A
811 1746 837 1781 3,
860 1745 874 1775 1
895 1749 1064 1783 puritatem.

1145 1745 1167 1772 A
1191 1743 1217 1780 7»,
1235 1744 1252 1773 2
1272 1745 1464 1774 1nnocentem
1483 1746 1545 1781 pie-

214 1790 315 1815 tatem.
339 1801 376 1805 —
404 1782 424 1811 Β
446 1783 473 1819 2,
486 1782 504 1811 2
524 1787 626 1813 mater.
649 1799 685 1805 —-
706 1785 750 1812 In
771 1783 797 1812 2.
819 1787 922 1814 Noct.
944 1784 967 1812 A
988 1784 1013 1820 1,
1031 1784 1045 1813 1
1067 1785 1233 1820 Plumbum,
1255 1785 1358 1820 picem,
1380 1792 1486 1812 ceram.
1508 1798 1544 1801 —

214 1826 259 1853 In
280 1823 307 1853 3.
328 1825 434 1852 Noct.
458 1822 478 1850 Β
502 1821 527 1856 1,
549 1821 567 1850 2
589 1825 649 1860 qui.
669 1838 698 1843 —
729 1822 749 1850 Β
772 1822 798 1860 2,
820 1822 838 1853 3
859 1832 878 1853 a
897 1824 978 1852 fehlt.
1003 1840 1038 1843 —
1062 1821 1082 1849 Β
1103 1821 1131 1858 2,
1152 1822 1170 1850 2
1191 1825 1267 1851 exat.

232 2098 263 2131 1.

691 1916 756 1949 100.
788 1918 833 1949 De
856 1919 964 1949 sancto
985 1917 1088 1949 Erico.

355 1990 402 2023 In
430 1990 460 2023 1.
488 1989 600 2028 Vesp
617 1989 713 2021 eris.

441 2046 641 2082 Antiphonae.

292 2097 416 2129 Assunt
438 2095 530 2128 Erici

338 2143 423 2184 regis
450 2142 627 2181 sollemnia,
653 2141 751 2174 laude

288 2192 409 2233 Regem
436 2191 610 2232 multiplici

339 2240 538 2283 collaudans,
565 2238 691 2279 Suecia,
717 2239 833 2278 gaude.

230 2303 261 2334 2.
290 2298 441 2332 Gaudeat
466 2297 591 2331 eximiis

338 2346 476 2387 Upsalia
501 2343 706 2386 magnificata

290 2395 448 2435 Martyris
475 2394 598 2427 exuviis

341 2446 374 2474 et
397 2442 497 2483 signis
522 2440 712 2483 glorificata.

928 1991 959 2022 3.
985 1988 1050 2020 Hic
1070 1987 1242 2028 insignitus

1032 2036 1154 2076 sceptri
1179 2035 1297 2076 regalis
1322 2035 1454 2075 honore,

985 2084 1135 2116 Dulciter
1159 2084 1276 2124 ignitus

1034 2132 1156 2166 Christi
1181 2130 1328 2163 fervebat
1354 2139 1472 2164 amore.

926 2191 957 2222 4.
985 2189 1098 2221 Dulcis
1124 2189 1226 2221 amice
1252 2188 1323 2228 Dei,

1032 2246 1092 2277 per
1117 2246 1212 2277 quem
1236 2245 1295 2269 rex
1318 2236 1540 2277 magnificatus

983 2285 1041 2328 Es,
1074 2285 1248 2317 clementer
1273 2284 1313 2325 ei,

1032 2343 1092 2375 pro
1118 2333 1211 2365 nobis
1237 2332 1337 2365 funde
1361 2336 1522 2374 precatus.

927 2392 959 2424 5.
986 2390 1049 2430 Da,
1074 2390 1173 2429 Deus,
1200 2394 1237 2422 ut
1259 2390 1346 2421 mitis

1035 2438 1129 2482 regiS,
1162 2439 1251 2472 cuius
1276 2447 1465 2471 veneramur
