1655 2568
234 193 352 226 Mundi
376 194 488 236 virtus,

284 242 385 281 patris
412 240 542 285 effigies,

240 289 366 322 Candor
388 289 479 331 lucis,

285 340 415 369 aeterna
439 337 573 378 species,

287 384 407 417 Solaris
432 383 541 424 facies,

167 432 207 464 V.
238 431 378 464 Matrem
401 434 511 463 nostro
535 430 674 470 fastigio,

239 479 392 519 Sponsam
420 479 500 510 caeli
524 478 654 518 palatio.

181 538 212 569 2.
239 536 288 567 Tu
311 544 343 567 es
368 535 447 567 lucis

284 591 385 615 novae
411 582 593 620 diluculum,

239 630 277 663 In
301 632 334 660 te
356 630 465 661 mortis

287 676 399 708 umbra
424 676 642 716 confringitur,

239 724 299 756 Dei
323 725 434 756 matris

289 771 381 803 dulce
407 771 598 809 cenaculum,

241 819 280 851 In
305 821 337 850 te
361 822 472 850 vertex

289 871 468 897 sanctorum
496 865 608 903 alitur3

168 911 206 944 V.
237 913 287 944 Tu
312 921 435 951 aurora,

287 968 379 998 quam
404 959 452 991 sol
477 958 689 998 subsequitur,

241 1006 305 1045 Sol,
330 1015 390 1046 quo
413 1015 547 1046 sponsus

289 1053 375 1085 Deus
401 1052 587 1093 ingreditur.

185 1111 215 1143 3.
241 1110 317 1149 Ros,
343 1107 411 1150 flos,
437 1118 569 1149 gemma,

286 1156 395 1195 Stella,
420 1157 467 1188 sol
492 1156 623 1197 gratiae,

243 1203 336 1236 Orbis
361 1204 436 1243 vita,

291 1251 428 1290 sphaera
450 1248 615 1290 stellifera,

243 1298 292 1329 Tu
314 1298 479 1329 stellarum

292 1345 442 1376 virtutum
471 1344 553 1375 serie

244 1392 354 1425 Caelos
380 1400 482 1433 ornaS‚

290 1438 431 1470 illustras
455 1439 594 1477 aethera,

172 1487 211 1518 V.
243 1485 423 1517 Gratiarum

290 1533 443 1564 immensa
466 1532 575 1572 specie

246 1580 352 1613 Omnis
377 1580 463 1612 levas

288 1628 440 1659 maeroris
466 1628 607 1659 vulnera.

339 1722 382 1753 In
409 1721 636 1753 Laudibus.

385 1795 579 1831 Antiphonae.

185 1855 217 1887 1.
241 1854 267 1886 O
292 1852 387 1885 beata
409 1854 570 1892 sterilitas,

290 1900 340 1932 De
365 1909 426 1940 qua
452 1901 543 1934 dolor
568 1902 753 1941 concipitur,

242 1948 295 1981 Ex
319 1956 379 1988 quo
403 1948 503 1988 prolis
528 1947 706 1982 fecunditas

291 1996 408 2028 Orbato
433 1996 549 2028 mundo
574 1998 736 2036 panditur.

798 95 845 132 84

862 196 894 227 2.

863 404 894 435 3.

864 818 882 849 cn

919 194 956 225 In
980 192 1080 225 sacris
1103 189 1281 225 visceribus

966 241 1061 273 Sidus
1087 237 1267 280 concepisti,

923 288 1017 321 Cuius
1042 288 1075 320 in
1100 285 1324 328 splendoribus

967 336 1067 369 Nobis
1091 333 1237 367 illuxisti.

922 401 1098 434 Salomonis
1123 399 1237 433 solium

968 448 1013 481 Es
1038 451 1137 480 totum
1164 449 1318 487 auratum,

922 497 984 528 Per
1007 496 1133 527 beatum
1159 493 1259 526 filium

968 542 1068 576 Matri
1092 543 1325 582 praeparatum.

922 610 985 641 Per
1006 612 1040 640 te
1066 608 1183 649 duplex
1209 607 1309 647 gloria

968 655 1068 688 Nobis
1094 658 1143 687 est
1166 657 1286 692 exorta,

920 703 1021 735 Filius
1050 705 1081 734 et
1104 702 1180 741 filia,

963 751 1035 783 Lux
1060 752 1091 781 et
1115 750 1195 781 lueis
1218 753 1322 788 porta.

889 843 896 850 .
923 816 986 848 Diu
1011 816 1104 848 tellus
1127 815 1249 856 languit

968 863 1062 896 Nube
1087 863 1255 901 cumulata,

921 911 1019 943 Flore
1045 910 1118 943 divo
1141 908 1250 942 floruit

969 957 1063 989 Nube
1089 958 1250 996 dissipata.

1039 1032 1086 1060 Ad
1105 1031 1287 1060 Benedictus.

923 1090 971 1122 Tu
997 1098 1029 1121 es
1053 1088 1169 1121 flumen

969 1137 1123 1169 fiscellam
1148 1135 1306 1175 deferens,

923 1186 1008 1224 Quae
1031 1185 1165 1216 latorem

970 1232 1052 1274 legis
1079 1229 1313 1272 circumferens,

924 1277 1131 1310 Defensorem

972 1326 1132 1365 oppressis
1157 1323 1300 1367 afferens,

923 1373 1018 1405 Hosti
1043 1372 1136 1411 celat,

971 1420 1157 1460 propinquis
1182 1418 1326 1452 offerens

992 1533 1037 1564 In
1063 1534 1095 1566 2.
1122 1533 1337 1572 vesperis..

1047 1607 1093 1635 Ad
1111 1606 1290 1643 Magnificat.

926 1665 1006 1698 Sara
1030 1664 1289 1706 pulchritudinis,

971 1715 1069 1745 Anna.
1091 1712 1231 1752 pietatis,

923 1760 1070 1792 Rebecca
1096 1759 1285 1801 dulcedinis,

970 1808 1091 1840 Rachel
1115 1807 1290 1840 venustatis

923 1854 1094 1887 Transfers
1116 1856 1149 1887 vi
1172 1854 1357 1895 propaginis

970 1904 1024 1935 Ius
1046 1903 1235 1945 sterilitatis,

926 1952 1016 1983 Paris
1043 1951 1168 1983 domum
1193 1950 1340 1989 numinis,

973 1998 1140 2038 Templum
1164 1997 1349 2030 maiestatis

250 2072 332 2099 Brev.
354 2079 405 2098 ms.
426 2072 618 2100 Mantuanum
638 2081 714 2100 saec.
737 2072 779 2101 15.
815 2073 884 2101 Ood.
899 2074 986 2103 Univ.
1003 2074 1106 2101 PataV.
1127 2072 1191 2102 734.
1212 2075 1246 2102 A.
1269 2088 1304 2092 —-
1326 2073 1408 2101 Offic.
1429 2083 1482 2102 ms.

173 2110 368 2137 Barcinonen.
391 2117 467 2137 saec.
495 2109 537 2139 16.
558 2112 597 2138 in.
614 2111 889 2139 Cod.Ba1-cinonen.
913 2110 927 2139 1
948 2113 991 2140 IV
1010 2111 1036 2139 7.
1058 2113 1090 2140 B.
1113 2128 1150 2132 ——
1169 2113 1253 2140 Brev.
1268 2112 1485 2140 Barcinonense

172 2149 241 2183 imp.
257 2148 439 2175 Barcinonae
455 2146 535 2176 1540.
552 2149 583 2176 C.
609 2164 644 2167 —
664 2150 705 2177 In
728 2148 751 2176 1.
768 2150 870 2185 Vesp.
891 2150 958 2178 ffinf
974 2149 1021 2177 ΑΑ
1043 2159 1130 2186 super
1144 2150 1191 2178 Ps.
1213 2150 1271 2181 (die
1291 2151 1342 2178 der
1356 2151 1486 2180 Laudes)

175 2186 209 2221 (ἔς
230 2194 286 2213 nur
306 2187 371 2214 eine
392 2184 413 2212 Α
438 2195 525 2222 super
538 2187 586 2214 Ps.
608 2187 631 2215 0
646 2188 733 2216 beata
752 2189 893 2216 sterilitas
908 2189 941 2217 B.
963 2204 997 2208 -
1021 2188 1043 2216 C
1064 2190 1115 2216 hat
1127 2190 1159 2217 in
1173 2189 1223 2217 der
1243 2187 1267 2216 1.
1282 2190 1395 2225 Vesper
1409 2190 1483 2217 noch

173 2224 321 2258 folgendes
344 2222 363 2250 R
374 2232 380 2248 :

421 2263 456 2290 R.
479 2264 571 2297 Anna,
592 2265 681 2291 maris
704 2264 808 2292 stellae
827 2267 928 2299 mater,
949 2267 982 2292 tu
1003 2266 1126 2293 crimina
1146 2265 1231 2302 pelle,

479 2302 560 2336 Quae
579 2303 647 2330 Iesu
667 2301 776 2330 Christi
796 2302 955 2331 thalamum
977 2304 1083 2332 mundo
1105 2305 1254 2340 peperisti,

478 2340 660 2377 Principium
679 2342 767 2376 vitae,
793 2350 849 2377 quo
869 2342 976 2368 vivunt
992 2342 1155 2376 Israelitae,

422 2380 458 2407 V.
482 2378 530 2407 Ex
549 2381 578 2407 te
598 2387 723 2417 namque
742 2380 793 2416 pia
812 2380 957 2416 processit
976 2382 1060 2415 virgo
1081 2381 1186 2410 Maria.
