1653 2567
144 1027 163 1057 [0

135 2354 175 2387 V.

198 236 335 277 Surgunt
359 236 473 277 hostes,

245 284 327 315 liber
354 282 570 321 conscribitur,

198 331 322 363 Faverit
345 338 461 369 omnes,

244 378 290 409 sic
314 386 402 409 error
427 376 572 415 vincitur,

246 425 344 457 Fides
369 423 554 465 extollitur3

197 471 260 503 Ter
284 472 314 502 in
340 469 480 502 flammas

246 518 373 550 libellus
398 517 544 556 traditus,

201 565 266 598 Ter
291 565 389 597 exivit

244 612 372 644 illaesus
397 611 533 651 penitus,

256 706 301 737 In
328 707 359 737 2.
386 705 615 737 Nocturno.

334 779 529 816 Antiphonae.

170 863 177 870 .
202 838 266 870 Sub
292 837 461 878 Augustini
487 837 596 878 regula

201 885 311 918 Mente
335 884 472 923 profecit
495 884 615 926 sedula,

201 932 340 965 Tandem
368 932 467 963 virum
494 931 676 963 canonicum

201 981 303 1019 Auget
328 979 359 1009 in
385 979 604 1018 apostolicum.

168 1052 175 1059 .
200 1027 380 1065 Agonizans

248 1082 306 1112 pro
333 1072 449 1104 Christi
475 1072 599 1104 nomine

204 1119 356 1152 Mundum
383 1119 487 1159 replet

251 1167 356 1198 divino
381 1166 499 1198 semine

205 1214 406 1253 Paupertatis

252 1260 369 1300 degens
394 1259 452 1292 sub
476 1260 622 1300 tegmine.

172 1341 178 1347 .
205 1317 329 1348 Pernox
356 1324 424 1347 cum
444 1315 568 1347 Christo
585 1317 749 1355 proprium

203 1362 276 1394 Non
295 1362 481 1402 possidebat
502 1364 665 1403 lectulum,

205 1410 280 1441 Post
304 1410 504 1442 lacrimarum
527 1407 655 1442 fluvium

206 1456 270 1488 Vix
295 1457 381 1488 humi
406 1458 483 1489 dans
510 1458 740 1496 corpusculum.

348 1531 552 1568 Responsoria.

174 1612 182 1620 .
209 1589 409 1628 Paupertatis

249 1636 422 1667 ascendens
449 1636 584 1667 culmina

208 1682 331 1715 Clamat
354 1683 463 1715 muudi

255 1730 414 1762 detestans
440 1730 580 1772 crimina,

208 1776 346 1817 Frangit
369 1777 476 1808 hostes

253 1827 285 1855 et
307 1823 396 1863 fugat
419 1825 553 1864 agmina,

204 1870 301 1903 Nulla
324 1874 468 1903 sanctum

255 1917 406 1959 frangunt
430 1917 630 1958 discrimina3

205 1965 308 1997 Nocte
333 1966 413 1997 caeli

253 2013 450 2052 perlustrans
475 2012 584 2044 limina

205 2059 267 2092 Die
291 2060 385 2092 terris

253 2107 308 2139 dat
334 2107 421 2140 verbi
446 2108 575 2139 semina.

206 2164 302 2197 Panis
328 2163 452 2196 oblatus
479 2163 611 2195 caelitus

207 2211 358 2244 Fratrum
383 2211 511 2252 supplet
532 2211 682 2251 inopiam,

207 2258 363 2299 Vitaeque
386 2262 478 2291 natus
502 2258 647 2291 redditus

204 2306 319 2338 Matris
343 2306 437 2345 pellit
460 2306 643 2350 tristitiam3

208 2353 304 2393 Signo
331 2354 431 2385 crucis

254 2401 385 2434 oboedit
407 2401 526 2442 pluvia,

745 138 813 173 240
863 157 909 162 ——

880 233 1004 273 Lingua
1029 232 1129 264 verba

926 280 1135 312 transformat
1158 278 1260 311 varia.

817 341 847 372 3.
873 337 1013 369 Granum
1040 345 1206 368 excussum
1231 335 1334 375 palea,

923 384 1016 417 Nexu
1041 385 1178 416 solutum
1203 384 1288 414 luteo

877 432 928 464 De
952 432 1151 472 paupertatis
1176 439 1252 462 area

926 480 1013 513 Caeli
1038 480 1161 511 locatur
1187 478 1312 516 horreo,

877 527 955 559 Cum
980 526 1128 558 mercede
1153 525 1297 566 virginea

923 574 1097 606 Doctorum
1123 572 1246 612 fulgens
1274 580 1381 613 cune0‚

804 623 843 655 V.
874 620 950 653 Flos
975 621 1007 652 in
1032 619 1145 652 florum

920 668 1025 700 virens
1051 669 1159 699 areola

874 716 955 748 Bina
979 715 1098 756 gaudet

922 764 1017 795 sortis
1042 763 1182 795 aureola.

932 860 978 891 In
1007 860 1037 892 3.
1067 857 1301 889 Nocturno.

1029 923 1225 957 Antiphonae.

819 973 849 1004 1.
877 971 1013 1003 Sitiebat
1038 979 1148 1003 servus

927 1019 1045 1052 Christi
1069 1017 1268 1059 martyrium,

879 1066 968 1098 Sicut
992 1066 1061 1097 sitit
1084 1074 1195 1097 cervus

926 1114 978 1146 Ad
1002 1122 1102 1153 aquae
1125 1112 1265 1145 fluvium.

821 1173 852 1205 2,
875 1170 1020 1211 Migrans
1046 1172 1138 1210 pater
1162 1167 1238 1200 filiis

926 1217 1018 1248 Vitae
1041 1216 1275 1249 firmamentum

879 1263 1083 1304 Paupertatis
1107 1263 1236 1294 humilis

928 1312 1044 1344 Condit
1069 1312 1302 1342 testamentum.

820 1371 853 1403 3,
876 1368 975 1400 Liber
1000 1367 1104 1400 carnis
1128 1367 1255 1399 vinculo

927 1415 1054 1449 Caelum
1080 1414 1235 1452 introivit,

878 1462 945 1495 Ubi
969 1463 1064 1502 pleno
1090 1461 1206 1501 poculo

930 1510 1054 1550 Gustum,
1082 1510 1164 1549 quod
1191 1509 1302 1543 sitivit.

1015 1585 1223 1620 Responsoria.

823 1633 852 1667 1.
880 1632 972 1665 Felix
997 1634 1082 1674 vitis,

932 1682 971 1713 de
997 1681 1083 1712 cuius
1109 1680 1235 1712 surculo

882 1728 1018 1759 Tantum
1044 1736 1173 1768 germen

929 1775 1091 1808 redundat
1113 1775 1241 1807 saeculo

883 1822 973 1855 Caeli
996 1823 1104 1855 vinum

930 1870 1109 1909 propinans
1132 1870 1250 1910 populo

930 1917 1029 1949 Vitali
1053 1918 1185 1958 poculo3

813 1964 848 1996 V.
882 1964 934 1996 Ex
957 1964 1104 1996 ubertate
1128 1964 1296 2004 palmitum

928 2012 1041 2044 Mundi
1067 2011 1130 2043 iam
1155 2012 1255 2044 cinxit
1271 2013 1434 2048 ambitum.

824 2071 855 2102 2.
882 2068 1077 2100 Ascendenti

933 2116 974 2148 dc
998 2117 1082 2148 valle
1105 2117 1222 2149 lubrici

883 2163 999 2195 Mundi
1025 2164 1113 2196 chori

931 2211 1089 2251 plaudunt
1114 2212 1267 2257 angelici3

883 2258 956 2291 Iesu
980 2258 1072 2300 bone,

930 2315 1028 2347 prece
1050 2306 1211 2339 Dominici

883 2354 957 2386 Tibi
982 2356 1111 2394 praesta

930 2411 989 2435 nos
1014 2405 1121 2444 gratos
1147 2401 1245 2445 effici,
