1653 2567
169 200 270 241 Mitis,
296 201 450 245 prudens,

219 252 325 281 castus
350 249 392 281 ad
418 249 532 282 solium

170 295 375 330 Praesulatus

217 344 346 376 scandit
370 344 567 386 concivium,

96 391 135 424 V.
167 391 254 426 Urbs
281 400 351 423 eum
377 392 464 423 clero

217 440 361 480 repietur
383 440 499 479 gaudio

168 487 263 520 Tanti
289 487 390 527 patris

216 533 298 567 fulta
322 535 450 568 solatio.

230 650 278 682 In
304 652 336 683 2.
363 649 596 683 Nocturno.

321 724 520 761 Antiphonae.

111 783 142 817 1.
169 782 291 815 Scitote
315 793 408 827 nunc,
433 783 555 824 popuii,

219 832 376 871 Quantum
400 831 601 871 mirificatur,

173 880 268 913 Cuius
294 880 336 912 ad
363 882 482 912 tactum
507 880 592 912 oculi

219 926 340 960 Caecus
365 928 575 960 illuminatur.

112 986 143 1019 2.
170 986 279 1018 Iustus
305 985 517 1025 benedicitur,

219 1033 355 1065 Sanctus
386 1035 568 1076 coronatur,

169 1080 234 1113 Hic
258 1083 349 1113 scuto
372 1081 565 1122 protegitur,

217 1128 349 1161 Sursum
375 1129 560 1160 honoratur.

108 1188 138 1219 3.
167 1185 231 1217 Hic
255 1194 353 1225 super
379 1185 544 1218 ecclesiam

214 1234 348 1266 Praesul
374 1234 566 1266 constitutus

164 1281 329 1314 Honorem
355 1286 386 1313 et
411 1281 544 1322 gloriam

213 1329 314 1362 Simul
342 1332 391 1361 est
414 1330 555 1363 indutus

297 1424 508 1461 Responsoria.

108 1484 137 1517 1.
164 1483 371 1516 Praesulatus

212 1534 361 1570 suscepto
387 1530 533 1570 pondere

165 1580 323 1618 Sponsam
347 1586 492 1618 pressam

211 1627 386 1659 bardorum
416 1626 540 1658 scelere

164 1675 218 1708 Sic
241 1675 402 1706 instaurat

214 1722 323 1756 divino
347 1730 489 1762 munere,

165 1771 213 1805 Ut
233 1771 269 1803 in
293 1773 423 1803 cunctos

212 1821 321 1859 posset
347 1817 527 1858 effundere3

91 1868 129 1900 V.
161 1867 269 1900 Aedes
294 1875 414 1905 sacras,

212 1915 341 1956 clerum,
371 1914 523 1947 coenobia

165 1964 258 1997 Nova
281 1964 402 1996 struxit,

212 2014 244 2045 et
266 2011 478 2045 xenodochia.

105 2073 135 2104 2.
162 2070 283 2103 Mentis
310 2071 416 2102 custos

212 2126 341 2150 carnem
365 2116 493 2149 ieiuniis

158 2167 209 2200 Ac
231 2164 369 2206 flagellis

203 2214 325 2255 passim
352 2211 507 2253 afficiens,

165 2263 267 2296 Nocte
292 2270 411 2295 vacans

210 2311 285 2351 iuge
308 2309 428 2351 vigiliis

165 2360 246 2393 Orat
270 2358 433 2392 Christum

211 2415 337 2441 sursum
358 2405 529 2446 aspiciens,

626 106 885 142 —115-„

857 204 912 237 Sic
936 204 1047 237 aitaris

905 252 1005 284 sacris
1027 251 1188 291 mysteriis

856 299 997 332 Mundus
1019 298 1119 330 instat

906 349 1043 379 mentem
1068 344 1234 385 reficions3

818 422 824 429 .
856 394 964 427 Plebis
990 402 1115 425 causam

908 442 1011 482 dignis
1037 439 1152 473 officiis

859 489 991 522 Praesul
1021 489 1087 529 agit

905 547 939 569 m
963 546 998 568 se
1022 544 1210 576 suscipiens.

824 622 831 629 .
857 595 958 628 Ducis
983 603 1118 635 nequam
1143 594 1307 634 protervia

905 642 1020 676 Pulsus
1044 642 1181 674 invictus
1207 642 1359 682 perstitit,

859 691 1042 724 Lacessitus
1065 690 1183 722 iniuria

907 739 999 772 Bona
1024 747 1085 778 pro
1107 737 1200 769 maiis
1224 737 1395 777 praestitit.

859 788 943 820 Dum
968 787 1001 818 in
1024 787 1148 818 hostem
1171 786 1330 817 sententia

905 835 996 875 Quod
1022 834 1200 866 solveretur
1223 833 1358 873 institit;

820 909 828 916 .
863 882 946 915 Nam
972 883 1045 914 dum
1072 883 1172 913 hostis

907 931 1012 971 spirat,
1033 929 1215 969 nequitiam,

861 978 996 1011 Sanctus
1020 977 1067 1009 ini

909 1027 1062 1066 impetrat
1085 1024 1230 1065 gratiam.

919 1142 965 1173 In
994 1142 1025 1174 3.
1051 1139 1283 1172 Nocturno.

1010 1214 1208 1251 Antiphonae.

821 1302 829 1309 .
857 1275 1025 1315 Ingressus
1050 1272 1292 1304 tabernaculum

907 1321 1041 1354 Praesui
1067 1320 1298 1352 immacuiatus.

857 1369 977 1409 Quietis
1001 1368 1217 1400 habitaculum

904 1417 1008 1449 Tenet
1036 1415 1241 1457 glorificatus,

824 1502 830 1508 .
858 1474 998 1508 Pretiosi
1021 1473 1162 1513 iaspidis

906 1523 998 1556 Serto
1024 1523 1202 1554 coronatur.

857 1570 940 1603 Dum
969 1569 1095 1610 probati
1121 1569 1240 1609 lapidis*

904 1618 989 1651 Fide
1012 1618 1192 1650 roboratur.

824 1704 831 1710 .
857 1676 995 1716 Accepit
1022 1675 1210 1708 dominicam

906 1724 1180 1762 Benedictionem,

857 1773 986 1805 Ducens
1012 1771 1065 1803 hic
1089 1770 1266 1812 angelicam

904 1820 1198 1854 Conversationem,

992 1907 1203 1943 Responsoria.

821 1994 829 2001 .
856 1967 940 2000 Dum
965 1976 986 1998 a,
1008 1966 1087 1998 sede

904 2023 1027 2047 summa
1052 2013 1237 2055 revertitur,

855 2063 949 2094 Nexu
981 2062 1086 2095 carnis

903 2112 1032 2142 sanctus
1058 2108 1245 2147 absolvitur,

856 2158 978 2191 Terrae
1002 2157 1147 2196 tradens,

907 2206 992 2246 quod
1016 2205 1095 2237 inde
1119 2204 1265 2246 sumitur,

859 2253 956 2286 Caelo
982 2253 1103 2291 reddit,

906 2301 992 2342 quod
1019 2300 1147 2333 Christo
1173 2300 1334 2341 iungitur;

783 2351 823 2384 V.
857 2349 946 2383 Odor
971 2348 1078 2381 carnis

907 2400 982 2438 post
1005 2398 1143 2432 lustrum
1167 2397 1284 2430 nimius

1206 2452 1248 2483 8*
