1653 2567
732 139 994 175 —199-

278 234 321 261 In
343 231 368 261 1.
388 234 494 270 Vesp.
517 232 539 261 A
561 232 594 269 3,
616 233 632 263 1
655 238 719 263 erat
736 236 811 264 fehlt
830 236 861 264 C.
882 253 918 256 —
945 234 967 262 A
988 234 1015 269 5,
1041 233 1056 262 1
1078 235 1212 270 supernis
1234 235 1296 261 erat
1316 233 1377 260 illis
1399 241 1469 260 cura
1488 232 1523 266 A,

202 272 264 299 illis
292 274 356 299 erat
383 272 422 306 Β,
448 272 510 300 11115
535 275 652 301 tantum
679 283 750 302 cura
771 274 800 302 C.
827 289 864 294 —-
891 273 913 301 A
935 272 960 309 5,
982 272 1000 301 2
1019 274 1115 301 libant
1133 272 1221 300 ACD.
1241 287 1281 291 -
1302 269 1332 305 R,
1353 269 1373 298 4
1391 271 1526 306 Regnum

224 311 295 338 atris
322 310 378 337 hos
403 310 438 337 A.
465 325 502 330 —-
527 311 603 338 Ibid.
624 310 642 339 5
661 313 762 340 vicina
774 313 808 340 A.
830 327 869 332 —-
887 313 976 340 Invit.
997 310 1017 339 4
1036 312 1079 340 Ut
1097 312 1198 339 rorent
1215 312 1349 337 nostrum
1368 310 1402 337 A.
1423 323 1461 328 —
1482 309 1525 336 In

222 368 229 374 .
258 349 359 376 Noct.
387 346 409 374 A
433 346 458 381 1,
481 347 495 375 1
526 348 689 377 Clamorem
715 354 848 378 nostrum
874 350 988 378 ABCD.
1009 366 1047 370 —
1072 349 1095 377 A
1117 347 1142 382 1,
1163 346 1181 376 3
1208 349 1275 376 voci
1298 349 1332 375 A.
1354 362 1390 366 —-
1413 345 1433 373 R
1455 345 1482 381 3,
1508 346 1525 375 6

201 386 406 422 Iungaverunt
418 386 453 413 A.
474 402 513 406 ——
531 387 576 414 In
595 385 622 415 3.
643 388 743 416 Noct.
764 388 787 415 A
808 387 835 423 3,
850 387 869 417 4
889 391 1007 416 sanctus
1023 391 1190 416 sanctorum
1203 387 1346 414 Dominus
1361 385 1472 413 ABCD.
1488 400 1524 404 —

202 425 245 452 In
265 424 382 452 Laud.
411 423 434 451 A
463 423 490 459 2,
511 423 530 451 2
555 427 585 452 et
607 428 758 462 potentiae
782 428 817 454 A.
842 442 880 446 —
908 426 930 454 A
958 425 985 462 4,
1007 425 1025 453 2
1049 427 1106 454 hac
1131 426 1273 452 memoria
1300 425 1339 458 B,
1365 424 1439 452 haec
1467 433 1525 451 me-

203 464 302 490 moria
319 462 350 489 C.
374 478 412 482 —
431 463 490 490 Die
510 463 649 499 Hymnen
670 464 706 492 de
727 467 883 493 communi.

617 557 664 588 70.
696 557 739 588 De
760 558 867 589 sancto
890 557 1121 598 christophoro.

347 627 394 659 In
423 627 453 659 1.
480 627 698 667 Vesper-is

392 711 487 747 Super
503 712 651 740 Psalmos.

205 790 245 823 A.
276 789 450 822 Excelsum
475 799 591 822 nomen
616 790 745 823 Domini

275 838 427 870 Laudent
451 838 545 878 pueri
571 847 642 869 cum
666 839 754 883 viris,

276 885 338 924 Qui
362 885 442 917 caeli
468 886 572 917 iunxit
596 887 715 926 agmini

278 932 543 973 Christophorum
568 932 663 965 factis
688 935 788 974 miris,

276 980 324 1012 Ut
348 980 396 1011 sic
419 981 591 1020 prodesset
614 981 734 1013 homini

277 1027 437 1060 Solvendo
463 1038 482 1060 a
506 1030 618 1068 poenis
642 1029 731 1061 diris.

205 1113 244 1146 R.
277 1113 301 1146 O
327 1115 452 1152 martyr
475 1114 694 1155 invictissime,

277 1160 338 1192 Dei
363 1159 464 1192 fultus
489 1162 618 1201 auxilio,

281 1208 510 1248 christophore
535 1209 744 1251 sanctissime,

281 1256 405 1296 Quique
429 1265 488 1295 pro
513 1255 576 1287 Dei
597 1255 674 1297 filio,

278 1304 376 1343 Quem
399 1312 459 1343 per
483 1312 572 1335 mare
596 1305 800 1347 transtulisti,

275 1351 339 1383 Tot
364 1354 397 1381 et
422 1354 513 1383 tanta
537 1352 726 1392 sustinuisti,

275 1398 429 1438 Martyrii
454 1399 623 1439 privilegio

275 1446 393 1479 Obtine
416 1455 474 1477 nos
501 1447 676 1486 gaudentes

276 1493 318 1525 Et
345 1496 400 1525 tua
424 1492 508 1525 festa
533 1494 673 1526 colentes

276 1541 376 1581 Iunge
401 1543 582 1572 sanctorum
610 1542 754 1582 collegio.

203 1589 243 1621 V.
277 1588 500 1628 Christophori
525 1587 618 1629 festo,

328 1638 428 1676 Deus,
456 1636 630 1668 clementer
655 1638 778 1680 adesto,

277 1684 323 1717 Ut
348 1684 473 1716 tribuas
499 1683 627 1717 famulis

325 1734 460 1764 aeterna
485 1733 604 1772 gaudia
628 1733 702 1766 tuis,

397 1836 444 1863 Ad
464 1835 645 1872 Magnificat.

200 1907 241 1939 A.
277 1904 401 1945 Gaude,
425 1913 544 1945 sponsa
568 1905 701 1945 nobilis,

273 1953 370 1993 Virgo
395 1956 500 1985 mater
526 1954 674 1994 ecclesia,

272 2000 428 2033 Fecunda
453 2003 562 2034 tantae
587 2001 706 2034 sobolis

271 2049 458 2090 Harmonia,

272 2097 309 2129 In
338 2095 421 2129 festo
447 2097 590 2139 gigantei

272 2145 496 2185 Christophori
522 2145 705 2179 chananaei

273 2193 425 2233 Corporis
451 2195 536 2226 mole
560 2194 752 2234 ponderosa,

274 2241 372 2274 Ortus
397 2243 434 2273 ut
461 2242 501 2273 de
526 2242 619 2282 spina
644 2250 728 2280 rosa,

273 2290 332 2330 Qui
359 2290 517 2330 processit
542 2293 579 2322 ut
602 2290 716 2328 lilium,

270 2337 336 2369 Per
362 2347 451 2370 mare
475 2338 536 2370 Dei
562 2337 665 2370 filium

272 2385 332 2425 Qui
356 2386 497 2418 humeris
522 2386 666 2427 portavit

269 2433 448 2474 Fidemque
475 2434 596 2467 Christi
623 2433 772 2466 dilatavit

966 629 1122 662 Constans
1147 629 1271 667 martyr
1295 627 1328 658 in
1354 635 1464 667 agone,

965 677 1068 709 Huius
1093 675 1321 708 intercessione

966 723 1136 756 Consortes
1163 723 1260 754 simus
1287 731 1432 754 coronae.

1039 819 1098 851 Ad
1124 817 1391 849 Matutinum.

1100 884 1317 912 Invitatorium.

967 944 1049 984 Regi
1073 944 1266 981 sanctorum,

1018 999 1108 1031 quem
1132 989 1218 1020 canit
1234 997 1311 1028 grex
1329 989 1524 1028 angelorum,

968 1039 1006 1071 In
1031 1037 1113 1069 festo
1141 1036 1364 1075 Christophori

1016 1085 1157 1125 psallant
1181 1084 1237 1123 pia
1263 1083 1387 1115 cantica
1413 1083 1501 1116 cleri.

1033 1179 1077 1211 In
1105 1178 1135 1211 1.
1162 1177 1354 1210 Nocturn
1366 1187 1394 1212 o.

1111 1243 1309 1279 Antiphonae.

933 1319 940 1326 .
966 1294 1064 1326 Secus
1088 1301 1277 1332 magnarum

1017 1341 1169 1373 decursus
1204 1336 1395 1384 [plantatus]
1432 1349 1527 1380 aqua-

968 1434 1217 1476 christophorus
1247 1397 1365 1474 ςθῐξξεῖ

1014 1481 1172 1515 transfert
1211 1492 1271 1522 pro
1306 1484 1433 1516 Christo
1472 1492 1526 1523 pe-

1296 1534 1411 1565 tentes.

935 1616 942 1622 .
968 1588 1008 1621 1n
1034 1588 1126 1629 virga
1151 1586 1259 1618 ferens

1017 1636 1070 1667 hic
1107 1634 1268 1667 Christum
1305 1644 1439 1676 corpore
1468 1639 1530 1668 tre-

1299 1692 1399 1727 mens,

973 1731 1067 1772 Cepit
1091 1731 1286 1770 baptismum

1017 1780 1116 1812 maris
1144 1779 1258 1810 timens
1286 1780 1515 1814 cataclismum.

936 1863 943 1870 .
972 1838 1060 1870 Voce
1082 1836 1312 1878 praedicantis,

1017 1886 1107 1926 signo
1133 1885 1244 1925 virgae
1268 1883 1453 1917 floridantis

971 1934 1066 1966 Milia
1090 1935 1225 1972 septena

1017 1982 1087 2014 Deo
1115 1981 1253 2013 credunt
1277 1984 1384 2026 mente
1409 1991 1533 2016 serena.

1110 2047 1320 2082 Responsoria.

937 2124 944 2130 .
973 2095 1222 2137 Christophorus
1249 2097 1415 2136 giganteus

1017 2143 1169 2177 Enormis
1195 2144 1436 2185 magnitudinis,

969 2193 1022 2225 Ex
1047 2200 1165 2233 genere
1192 2191 1381 2224 Chananeus

1016 2241 1160 2273 Exstans
1187 2241 1219 2271 et
1244 2240 1425 2273 altitudinis

968 2289 1076 2321 Mirae
1101 2288 1256 2328 vultuque
1281 2288 1430 2330 terribili,

969 2337 1126 2377 Supremo
1152 2334 1218 2368 fide
1244 2336 1354 2368 stabili

1017 2384 1193 2417 Recensuit
1222 2386 1350 2417 omnino

1018 2433 1086 2466 Soli
1112 2432 1237 2464 servire
1258 2432 1417 2475 Domino3
