1653 2567
212 206 289 240 Sine
313 207 403 239 terra
427 208 567 239 terreum

259 253 434 294 spreverat
459 263 609 289 amorem.

150 312 184 344 4.
212 308 302 345 Theo
332 311 434 344 servit
456 311 583 352 iugiter,

259 359 485 392 Consummate
508 360 661 400 loquitur,

212 406 402 446 Quintianus
424 407 543 439 acriter

258 453 344 486 Dum
368 454 520 495 instabat,
548 454 698 488 vincitur.

276 579 322 611 In
349 579 380 613 1.
407 578 640 612 Nocturno.

350 663 561 699 Responsoria.

156 730 187 765 1.
215 731 301 764 Ordo
327 732 375 763 rei
399 732 563 775 panditur,

213 779 399 811 Consularis
424 780 523 820 igitur

260 826 384 859 Rursus
408 829 648 866 praesentatam

210 874 349 914 1nquirit
375 874 416 908 de
437 882 565 915 genere,

212 922 368 962 Satagens
395 922 544 955 evincere

259 970 377 1003 Verbis
408 969 599 1003 affectatam.

139 1018 178 1052 V.
208 1018 279 1050 Tua
302 1027 383 1058 quae
407 1016 571 1050 conditio?

212 1066 374 1099 Sermonis
398 1065 541 1105 auspicio

259 1112 352 1144 Dixit
378 1113 420 1145 ad
445 1113 583 1146 beatam.

156 1171 187 1204 2.
214 1170 274 1202 His
299 1169 475 1210 respondet
499 1169 617 1202 ardua:

212 1218 308 1257 Virgo
334 1227 404 1250 sum
429 1217 577 1258 ingenua,

259 1266 335 1297 Mea
359 1265 457 1305 stirps
482 1267 629 1304 testatur,

210 1313 274 1345 Sed
298 1322 350 1344 me
374 1321 500 1345 servam
525 1310 620 1352 facio,

209 1360 291 1401 Quia
315 1360 443 1393 Christo
468 1360 583 1404 servio,

263 1408 324 1439 Per
350 1417 443 1449 quem
468 1412 602 1440 stemma
629 1408 734 1440 datur.

139 1457 177 1489 V.
209 1456 339 1489 Summa
362 1456 542 1496 ingenuitas

212 1504 384 1536 Servitutis
408 1504 513 1544 pietas

262 1551 381 1583 Christi
407 1551 644 1592 comprobatur.

153 1610 184 1643 3.
211 1608 341 1642 Abhinc
368 1607 428 1640 diis
453 1608 619 1640 immolare

213 1657 316 1697 Iussa,
342 1655 452 1688 studet
474 1654 650 1696 profanare

260 1703 395 1736 Factum
420 1704 502 1736 tanti
527 1704 677 1736 sceleris:

216 1751 287 1785 Iovi
311 1754 366 1784 tuo
391 1751 435 1784 sis
461 1752 614 1794 aequalis,

213 1800 289 1832 Fiat
312 1809 394 1832 uxor
415 1802 471 1831 tua
496 1800 579 1844 talis,

262 1847 370 1886 Qualis
397 1847 457 1880 dea
481 1847 635 1888 Veneris3

146 1896 182 1928 V.
210 1896 300 1929 Haeo
324 1896 498 1938 respondet
519 1895 630 1936 iudici,

217 1944 317 1984 Quam
341 1945 508 1984 praecepit
532 1941 620 1975 affici

262 1989 373 2024 Poena
398 2000 498 2032 genae
522 1991 677 2026 verberis.

279 2117 327 2149 In
353 2118 385 2150 2.
412 2115 643 2151 Nocturno.

379 2202 577 2237 Antiphonae.

157 2260 193 2293 1.
218 2261 334 2304 Miror,
361 2261 408 2294 ait
433 2261 603 2303 consulari,

264 2308 299 2341 Si
323 2309 375 2342 vir
397 2310 540 2351 prudens
568 2310 696 2350 diceris,

218 2357 310 2398 Quod
335 2367 393 2390 nos
418 2358 498 2391 velis
524 2358 654 2399 imitari,

266 2405 345 2439 Cum
373 2407 448 2438 deos
473 2404 681 2447 praefeceris.

841 211 873 244 2.
898 208 982 242 Nam
1007 210 1034 241 si
1061 208 1158 241 bonos
1183 208 1363 246 arbitraris,

945 257 984 289 In
1009 266 1060 289 me
1077 265 1175 296 quare
1192 259 1295 288 motus
1314 257 1427 288 mentis
1438 255 1454 288 Ῥ

900 304 991 345 Quod
1015 305 1042 336 si
1066 304 1178 336 horum
1206 303 1381 336 exsecraris

948 351 1134 393 Simulacra,
1160 360 1283 384 mecum
1308 352 1417 386 sentis.

867 443 875 451 .
900 418 1088 459 Quintianus
1113 418 1248 452 subicit:

902 464 1019 499 Cursus
1049 466 1140 498 verbi
1165 464 1293 506 sufficit,

947 513 999 545 Da
1028 513 1089 546 diis
1115 512 1272 546 sacrificia

947 561 1009 594 Vel
1033 561 1152 594 senties
1174 561 1344 601 supplic-ia.

866 650 874 659 .
901 627 954 659 Ad
979 627 1059 661 haec
1080 628 1182 668 inquit
1208 628 1297 668 virgo
1321 626 1434 661 fortis:

900 673 973 707 Non
998 674 1137 707 formido
1161 684 1297 716 poenam
1321 676 1445 718 mortis,

903 722 937 755 Si
961 722 1122 762 promittis
1145 723 1225 756 mihi
1250 722 1335 756 feras

903 769 1047 802 Christus
1077 796 1368 808 .........

1018 915 1099 947 Per
1122 915 1270 949 Horas.

1044 1007 1090 1036 Ad
1110 1009 1248 1036 Tertiam.

948 1158 1092 1197 Angelus
1116 1121 1378 1201 monstravit}>las

898 1205 957 1247 Qui
982 1206 1024 1237 ad
1051 1208 1147 1244 caput
1172 1207 1315 1245 corporis

901 1253 996 1287 Visus
1020 1253 1176 1292 scriptum
1200 1256 1368 1288 marmoris

949 1301 1105 1333 Tabulam
1128 1301 1256 1334 locavit.

1048 1405 1094 1433 Ad
1114 1405 1243 1435 Sextam.

863 1502 870 1509 .
900 1475 988 1507 Anni
1014 1475 1151 1507 circulus
1178 1485 1324 1510 emensus

952 1522 1036 1554 Dum
1061 1525 1137 1563 post
1160 1527 1295 1556 mortem
1322 1524 1438 1567 fuerat,

905 1571 1008 1610 Super
1032 1569 1143 1602 urbem
1170 1580 1260 1603 mons
1285 1582 1438 1606 accensus

948 1617 1139 1651 Incendium
1164 1625 1339 1656 vomuerat.

1057 1722 1102 1750 Ad
1123 1724 1249 1752 Nonam.

864 1816 872 1825 .
903 1792 975 1825 Hoc
999 1792 1115 1832 pagani
1140 1802 1204 1825 non
1228 1791 1368 1826 ferentes

951 1839 1096 1872 Tumbae
1121 1841 1226 1873 velum
1252 1843 1392 1886 capiunt,

904 1887 995 1927 Quod
1019 1888 1061 1920 ad
1085 1887 1192 1928 ignem
1217 1892 1416 1930 opponentes

955 1934 1139 1968 Cessantem
1165 1936 1327 1977 effugiunt.

973 2070 1019 2102 In
1046 2072 1076 2105 2,
1106 2071 1324 2112 Vesperis.

833 2165 875 2198 R.
905 2166 930 2199 O
955 2174 1045 2198 mens
1070 2169 1183 2199 sancta
1207 2170 1394 2210 spontanea,

956 2214 1129 2246 Vasculum
1152 2215 1283 2247 honoris
1307 2216 1379 2257 Dei,

908 2263 971 2295 Per
995 2264 1028 2293 te
1053 2262 1197 2295 salvatur
1220 2264 1336 2308 patria,

955 2309 1148 2355 Memorare,
1174 2320 1301 2353 quaeso,
1327 2313 1399 2357 mei,

838 2358 876 2391 V.
908 2357 1112 2391 Constantiae
1134 2362 1169 2391 tu
1193 2362 1325 2401 specula

956 2406 1007 2438 Ac
1031 2407 1129 2439 turris
1155 2406 1266 2441 firmae
1290 2408 1376 2443 fidei.
