1653 2567
673 143 934 178 —225—

598 237 643 268 79.
675 236 718 267 De
738 236 851 268 sancta
873 235 1015 268 cordula.

846 309 878 342 ,2-
904 306 995 338 Haec
1021 305 1182 338 dominum
1208 305 1289 337 caeli

284 303 329 336 In
359 301 389 336 1.
417 305 638 344 Vesperis.

325 386 422 424 Super
441 388 587 417 Psalmos.

172 479 180 487 .
211 455 293 495 Ave,
321 455 411 496 virgo
437 456 593 497 speciosa,

260 503 378 534 clarior
402 502 574 542 sideribus,

213 550 310 583 Cuius
336 551 459 582 vultum
484 554 515 581 et
542 551 690 584 decorem

263 598 448 638 concupivit
473 599 638 639 Dominus,

209 645 326 678 Funde
350 655 464 685 preces
491 648 628 679 creatori

258 702 318 734 pro
344 694 408 725 tuis
433 694 643 735 supplicibus

170 785 178 793 .
211 760 236 792 Ο
263 762 389 800 martyr
413 761 569 801 laureata,

258 808 378 841 mundo
404 807 455 840 fer
480 817 613 841 munera
638 812 740 851 grata,

210 856 278 888 Iam
303 858 419 895 potens
444 856 617 888 virtutibus

257 903 339 936 lucis
365 906 402 935 tu
425 903 494 936 filia
519 904 618 944 clara,

208 951 312 983 Posce
338 951 423 983 dona
447 951 584 992 miseris,

260 998 402 1039 indignis
427 999 471 1031 sis
496 1001 531 1030 tu
556 999 703 1043 benigna,

209 1047 278 1079 Piis
305 1046 368 1078 tuis
393 1046 545 1087 precibus

206 1095 308 1127 Placa
334 1103 441 1135 regem
464 1094 677 1135 supplicibus,

256 1143 396 1175 Reorum
424 1141 513 1174 faeta
535 1145 682 1182 patrona.

165 1217 172 1224 .
205 1191 230 1223 O
257 1199 351 1231 quam
377 1188 518 1222 feliciter

253 1239 403 1270 inhaeres
431 1237 632 1277 caelestibus,

208 1287 334 1327 Regnas
360 1294 433 1317 cum
457 1285 581 1325 angelis

255 1333 464 1368 laet-abunda.

327 1408 373 1436 Ad
392 1407 576 1445 Magnificat.

168 1493 174 1499 .
205 1467 310 1499 Adest
335 1476 472 1507 namque
497 1466 716 1498 sacratissima

257 1514 326 1546 dies
354 1514 524 1554 Cordulae‚

208 1563 308 1602 Quam
332 1562 489 1602 gloriosus
514 1564 694 1602 martyrum

256 1610 385 1650 sanguis
412 1612 556 1651 exornat,

208 1658 292 1690 Dum
306 1658 349 1690 ad
362 1661 509 1697 mortem,
526 1667 621 1698 quam
629 1657 770 1701 fugerat,

253 1705 366 1738 ultimo
393 1714 428 1737 se
453 1705 635 1748 offerrebat‚

207 1755 294 1794 Quae
319 1754 457 1786 animam
482 1754 627 1787 moribus
654 1754 750 1787 castis

252 1802 362 1834 intulit
385 1803 492 1844 astris,

206 1850 307 1890 Quam
332 1859 424 1882 sacer
451 1849 613 1891 angelicus

257 1898 394 1932 deduxit
421 1899 463 1931 ad
489 1898 622 1931 aethera
648 1901 766 1940 coetus,

207 1947 304 1980 Cuius
329 1947 384 1987 pio
410 1947 512 1982 adiuti
537 1946 688 1989 suffragio

203 1997 346 2030 Aeterno
372 1994 579 2036 perfruamur
603 1995 730 2036 gaudio.

293 2102 311 2136 Ι
319 2111 341 2133 n
365 2101 395 2134 L
406 2111 425 2134 a
433 2112 455 2134 u
466 2101 507 2134 di
518 2100 539 2134 b
550 2110 603 2136 uS.

347 2177 548 2215 Antiphonae.

144 2246 176 2280 1.
198 2246 290 2282 Haec
314 2243 394 2289 (est)
421 2246 512 2287 virgo
536 2245 675 2278 celebris

251 2294 366 2327 merito
391 2293 470 2327 fidei
494 2293 645 2334 specialis

205 2343 254 2377 Ut
277 2342 372 2375 iubar
396 2343 430 2375 in
455 2342 598 2376 tenebris

250 2388 399 2435 (mundo)
440 2390 571 2424 refulsit
611 2390 736 2422 actibus

539 2438 647 2473 claris

182 2499 304 2527 Blume,
320 2497 448 2522 Historiae
467 2497 629 2528 rhythmicae.
661 2497 690 2521 V.

955 353 1169 394 complectens
1193 354 1300 384 mente
1324 351 1414 383 fideli

905 401 1042 441 Respuit
1065 409 1205 432 errorem

954 452 985 480 et
1009 448 1119 481 mundi
1144 447 1282 480 labentis
1310 456 1460 479 amorem.

870 529 877 536 .
904 505 1059 538 Saeviunt
1082 505 1211 544 tyranni
1235 505 1340 536 iacula

954 554 1115 594 Virginem
1143 552 1346 592 trucidando,

906 599 1034 632 Gaudet
1059 600 1139 632 caeli
1165 601 1252 632 curia

952 648 1061 688 Ipsam
1086 647 1325 687 praestolando.

906 704 1031 744 Sponsa
1057 703 1176 736 Christi
1201 711 1365 744 generosa,

905 752 1046 784 Caritate
1066 752 1244 792 vulnerata,

903 800 1053 833 Tendens
1078 799 1121 831 ad
1147 798 1307 838 caelestia,

904 847 1033 881 Gaudet
1054 846 1140 879 inter
1164 847 1310 885 verbera,

903 895 1000 927 Nulla
1026 896 1147 927 terrent
1172 895 1255 926 hanc
1279 894 1447 933 supplicia,

904 943 1073 975 Benedicit
1096 941 1200 973 Deum
1224 942 1259 973 in
1282 942 1420 973 saecula.

904 998 1052 1031 Laudate
1075 998 1248 1030 Dominum
1275 998 1315 1029 de
1340 998 1446 1037 caelis,

903 1046 999 1079 Cuius
1024 1046 1129 1087 gratia
1151 1046 1240 1086 virgo
1265 1045 1401 1076 illustris

840 1105 843 1108 ·
901 1093 982 1125 Post
1004 1093 1237 1132 triumphatum
1262 1093 1425 1124 saeculum

825 2051 865 2083 A.

902 1140 1029 1173 Sortem
1054 1140 1154 1173 subiit
1176 1140 1354 1180 beatorum,

900 1189 1042 1220 Pulchra
1067 1196 1182 1220 canens
1209 1188 1334 1220 cantica

898 1236 1097 1276 Angelorum
1123 1236 1189 1267 iam
1213 1235 1311 1268 socia.

1018 1310 1064 1338 Ad
1084 1310 1272 1338 Benedictus.

904 1368 931 1402 O
959 1368 1100 1402 Cordula
1124 1368 1229 1412 beata,

899 1416 984 1448 Dum
1008 1417 1074 1448 telo
1099 1416 1262 1448 trucidata

945 1464 997 1497 Ab
1023 1463 1129 1496 Attila
1153 1462 1254 1507 fuisti,

902 1513 981 1546 Cum
1006 1511 1156 1551 virginali
1183 1519 1280 1553 grege

900 1561 1076 1592 Aeternam
1099 1560 1174 1599 pari
1198 1560 1269 1601 lege

949 1608 1105 1641 Coronam
1129 1607 1285 1647 meruisti,

900 1656 966 1688 Fer
991 1664 1084 1696 opem
1108 1655 1172 1687 iam
1196 1655 1343 1688 tristibus

902 1702 1085 1737 Patrocinio
1111 1706 1165 1736 tuo
1193 1703 1356 1735 derelictis

898 1753 943 1785 Et
966 1755 1041 1793 post
1066 1751 1159 1783 huius
1183 1752 1271 1784 vitae
1295 1751 1402 1783 tristia

899 1801 1055 1841 Impende
1077 1798 1230 1840 suffragia
1254 1802 1356 1840 grata.

967 1915 1014 1948 In
1041 1917 1073 1948 2.
1100 1914 1318 1955 VesperiS.

1016 1991 1063 2019 Ad
1083 1990 1266 2027 Magnfficat.

895 2050 996 2090 Virgo
1022 2058 1117 2083 caesa
1141 2050 1261 2090 gaudet
1284 2049 1375 2081 laesa

945 2098 1010 2131 Pro
1033 2101 1075 2142 te,
1103 2097 1250 2137 Domine,

898 2145 970 2178 Stat
991 2147 1123 2189 invicta,
1151 2146 1278 2186 quando
1305 2148 1413 2178 assata

947 2194 1158 2235 Cruciamine,

897 2242 968 2274 Iam
993 2243 1036 2276 de
1058 2242 1144 2275 valle
1167 2241 1318 2274 miseriae

900 2290 980 2323 Cum
1004 2292 1112 2331 palma
1138 2290 1292 2322 victoriae

896 2338 1012 2371 Adivit
1036 2348 1170 2379 regnum
1193 2338 1348 2380 laetitiae,

898 2386 995 2420 Cuius
1015 2387 1071 2428 pia
1094 2386 1283 2419 intercessio

895 2434 965 2468 Nos
989 2438 1099 2470 servet
1121 2445 1142 2468 a
1166 2435 1336 2477 supplicio,
