1653 2567
710 136 966 171 —209—

182 228 216 260 4.
245 228 381 261 Vinctus
408 228 608 268 Chrysantus

240 275 278 306 In
305 276 414 307 eculeo
440 278 659 320 suspenditur,

242 322 308 354 Sed
333 324 438 364 ruptis
463 324 601 356 vinculis

239 370 415 403 Tormento
440 380 505 403 non
530 372 682 414 laeditur,

183 428 215 460 5.
242 427 300 467 Qui
326 428 368 460 ad
394 428 528 460 Dariam

239 474 438 508 Extulerunt
461 485 585 516 manuS‚

241 523 325 555 Prae
352 524 464 556 dolore
488 524 659 564 gemebant

238 570 357 604 Nervis
382 572 598 612 stupentibuS.

1053 243 1100 271 Ad
1119 242 1305 270 Benedictus.

863 333 904 366 A.
937 332 1013 364 Post
1025 331 1127 363 multa
1136 333 1367 363 tormentorum
1377 341 1495 372 genera

932 380 1034 411 Terra
1061 381 1092 410 et
1116 377 1274 417 lapidibus

934 426 1045 459 Sancti
1070 426 1258 468 obruuntur,

933 475 979 507 Et
1004 474 1058 514 qui
1083 476 1193 505 sancte
1219 474 1437 512 convixerzmt,

935 522 1090 554 Feliciter
1116 521 1384 563 consepeliuntur.

247 637 334 664 Brev.
360 647 415 666 ms.
436 637 674 667 Monasteriense
703 647 778 666 saec.
804 637 848 666 15.
891 638 926 666 Ut
934 637 960 664 d.
982 636 1193 664 Monasterien.
1217 633 1272 662 201
1293 633 1379 670 (204).
1400 635 1435 662 A.
1457 652 1494 655 —

169 675 258 703 Brev.
289 684 343 703 ms.
374 677 613 705 Monasteritnse
642 685 719 705 saec
748 675 793 705 15.
848 676 917 705 Cod.
949 671 1254 703 Da1mstadic=n.f·>0.
1275 673 1308 700 B.
1339 689 1378 694 —
1409 674 1448 701 131-
1466 683 1493 700 v.

167 714 405 743 Monasteriense
431 716 501 751 imp.
523 724 546 743 s.
567 716 588 743 1.
613 713 696 743 1489.
719 715 749 743 C.
777 731 814 735 —
840 714 961 751 Antiph.
982 713 1217 741 Monasteriens*
1237 713 1307 747 imp.
1330 720 1353 739 s.
1374 712 1395 739 1.
1417 715 1447 739 ot
1466 721 1492 739 a.

167 752 205 780 D.
235 766 272 771 —
300 753 342 781 In
364 751 388 780 1.
410 753 522 789 Vesp.
545 752 567 779 Α
591 753 615 788 1,
637 752 655 781 2
674 754 791 782 Illustri
811 755 846 782 A.
875 768 912 772 —
938 753 979 780 In
1002 751 1026 779 1.
1047 752 1140 780 Noct
1174 748 1194 776 R
1216 748 1242 783 2,
1263 748 1283 777 4
1302 750 1427 778 Adiuvit
1447 750 1491 777 di-

167 792 248 818 vina.
270 806 305 810 -—
327 792 369 819 In
391 790 417 818 2.
438 791 541 819 Noct.
564 791 586 818 Α
610 790 635 827 1,
658 790 675 821 3
705 792 790 820 Intus
811 794 912 821 manet
930 792 963 819 B.
985 807 998 811 —
1045 788 1064 816 R
1088 788 1112 822 1,
1133 787 1154 816 4
1173 788 1323 816 Successit
1341 789 1374 816 B.
1395 803 1434 807 —
1453 789 1494 816 In

169 826 196 857 3.
217 829 268 857 No
279 832 321 857 ct.
343 828 366 856 Α
387 828 415 866 3,
432 828 447 856 1
467 832 574 866 puteus
596 831 627 859 O.
649 847 687 851 —-
707 830 729 858 Α
754 829 781 866 3,
803 830 821 858 2
843 831 906 865 Qua
926 830 1000 858 fehlt
1020 829 1053 856 A.
1070 843 1107 847 —
1123 825 1144 853 R
1165 825 1192 860 2,
1214 825 1232 855 3
1253 827 1336 860 Quat
1353 827 1439 854 <latur
1460 827 1493 854 B.

560 944 608 974 74.
639 943 674 974 In
694 943 918 975 Translatione
939 950 963 973 s.
985 941 1105 973 Clarae.

312 1023 360 1054 In
388 1023 419 1056 1.
448 1023 669 1064 Vesperis.

395 1098 595 1134 Antiphonae.

186 1156 219 1188 1.
248 1155 354 1196 Clara,
380 1156 452 1188 luce
477 1156 595 1188 clarior

246 1204 298 1236 Ac
322 1204 390 1236 sole
415 1204 568 1244 serenior,

246 1252 375 1284 Virtute
395 1251 575 1285 sublimior.

185 1310 217 1341 2.
244 1308 359 1341 Laude
382 1310 493 1341 nostra
520 1309 656 1349 dignior,

245 1356 335 1389 Favo
360 1356 465 1389 mellis
493 1357 618 1389 dulcior

244 1404 291 1436 Et
315 1413 433 1444 sponso
460 1405 615 1437 infimior.

186 1463 219 1495 3.
244 1460 351 1493 Adest
377 1462 446 1494 dies
471 1462 592 1504 gaudii,

246 1508 372 1541 Pharao
397 1509 525 1550 imperii

244 1556 359 1590 Victus
386 1556 474 1589 cedit
495 1557 599 1599 impii.

189 1616 222 1648 4.
248 1614 369 1647 Eamus
395 1614 500 1647 olivae
524 1614 623 1646 medii

241 1663 282 1695 In
306 1671 382 1695 arca
407 1662 514 1694 cordis
539 1662 656 1705 proelii

245 1709 365 1743 Aufert
391 1719 518 1743 causam
543 1713 575 1742 et
598 1711 709 1743 taedii.

186 1770 218 1803 5.
244 1768 325 1809 Ave,
353 1768 444 1809 virgo
469 1767 659 1808 praeferens

292 1816 385 1848 Liam
409 1820 597 1857 operantem

244 1864 314 1897 Nec
337 1864 512 1897 Rachelem
539 1865 692 1897 deserens

291 1913 397 1945 Deum
424 1913 705 1954 contemplantem.

364 1989 410 2017 Ad
429 1988 613 2026 Magnificat.

169 2048 209 2081 A.
241 2048 311 2081 Iam
336 2048 429 2080 vides
455 2047 560 2080 Deum
587 2048 698 2088 oculis,

246 2097 316 2129 Iam
342 2105 398 2128 ore
423 2094 535 2127 fruens
561 2096 685 2136 poculis

290 2144 483 2177 Dulcedinis
510 2144 647 2186 divinae,

243 2193 311 2226 Iam
338 2193 470 2225 auribus
496 2192 643 2233 angelica

243 2241 388 2274 Melodis
413 2240 507 2273 audis
535 2240 671 2280 cantica,

290 2289 440 2324 Laetaris
466 2289 536 2320 sine
560 2287 635 2329 fine,

243 2338 406 2370 Dilectum
433 2340 547 2369 tenens
572 2336 720 2369 manibus

243 2386 324 2418 Post
347 2386 440 2418 illum
467 2385 571 2417 curris
597 2384 747 2426 pedibus,

289 2433 342 2466 Ab
368 2434 440 2474 ipso
466 2432 682 2473 amplexaris3

225 2495 344 2522 Blume,
364 2492 490 2518 Historiae
502 2491 661 2521 rhythmicae.
692 2491 722 2515 V.

937 1022 1110 1055 Consortes
1135 1019 1238 1050 redde
1262 1018 1372 1058 gaudii

936 1069 1004 1101 Nos
1032 1066 1216 1106 Christique
1241 1066 1390 1106 convivii,

987 1117 1054 1155 Quo
1079 1116 1182 1146 mater
1207 1117 1241 1145 tu
1268 1113 1392 1147 ditariS.

999 1211 1062 1243 Ad
1087 1209 1356 1242 Matutinum.

1073 1285 1293 1313 Invitatorium.

936 1345 1053 1384 Iesum,
1082 1343 1196 1376 Clarae
1221 1342 1354 1382 virginis

937 1392 1106 1432 Sponsum,
1134 1399 1213 1423 voce
1238 1390 1399 1429 carminis,

985 1440 1113 1480 Venite,
1142 1439 1323 1471 adoremus,

998 1567 1045 1598 In
1070 1566 1103 1599 1.
1128 1563 1363 1596 Nocturno.

1082 1639 1281 1676 Antiphonae.

904 1724 912 1732 .
938 1700 988 1733 Tu
1013 1698 1184 1740 paradisus
1213 1698 1401 1741 voluptatis,

939 1749 1040 1788 Quam
1065 1748 1151 1789 rigat
1175 1744 1247 1778 fons
1275 1746 1465 1779 divinitatis,

902 1834 909 1841 .
936 1805 1074 1846 Lignum
1098 1804 1186 1838 vitae
1210 1806 1243 1835 te
1269 1803 1392 1836 cibavit

936 1855 987 1887 Ac
1011 1854 1044 1886 in
1070 1853 1154 1885 bono
1181 1850 1385 1894 confortavit,

937 1903 1015 1935 Post
1039 1902 1124 1934 hanc
1147 1901 1248 1933 vitam
1274 1900 1449 1932 coronavit.

903 1986 908 1992 .
937 1959 1035 1993 Clara
1059 1960 1181 1997 sancta,
1211 1958 1387 1998 deprecare

935 2009 1000 2041 Pro
1024 2007 1129 2047 nobis,
1156 2014 1216 2037 nec
1242 2006 1330 2038 dicas
1358 2014 1470 2046 quare.

1075 2082 1287 2117 Responsoria.

904 2169 910 2176 .
937 2141 1061 2174 Mundo
1087 2140 1242 2182 splendor
1264 2139 1377 2180 oritur,

936 2189 1021 2222 Dum
1047 2189 1128 2221 haec
1152 2188 1243 2228 virgo
1268 2188 1422 2230 nascitur,

938 2237 1066 2270 Christo
1093 2236 1224 2268 chordis
1248 2236 1402 2277 iungitur,

941 2284 1055 2318 Gratia
1079 2284 1237 2327 illabitur,

939 2333 994 2366 Ad
1019 2333 1138 2366 bonum
1163 2330 1352 2373 inflectitur,

940 2382 1066 2415 Vanum
1092 2389 1185 2413 omne
1209 2381 1345 2423 tollitur,

941 2429 1051 2462 Solum
1075 2430 1182 2463 iesum
1208 2430 1371 2472 sequitur3

1288 2484 1326 2514 14
