1653 2567
699 89 933 123 —22-

627 181 654 212 5.
684 179 728 212 De
749 181 855 213 saneto
874 179 1014 221 Aegidio.

308 251 354 284 In
382 251 412 284 1.
436 251 651 291 Vesperis.

353 326 398 354 Ad
417 325 595 362 Magnificat.

235 383 260 415 O
286 392 379 423 quam
402 383 549 414 miranda
573 386 622 415 est

283 431 427 469 potentia
450 430 618 462 salvatoris

235 478 275 509 In
297 477 419 509 meritis
445 477 532 509 beati

284 523 413 564 Aegidii
438 522 639 565 confessoriS,

235 572 294 610 Qui
314 572 400 610 apud
424 570 527 602 Deum
552 575 586 603 et
606 571 749 603 homines

286 619 398 657 dignus
422 619 575 650 memoria

236 665 314 697 Cum
338 665 456 697 sanctis
478 667 543 698 iam
566 668 696 698 aeterna

287 712 443 752 tripudiat
464 713 497 745 in
522 713 634 753 gloria.

301 807 362 839 Ad
385 806 651 841 Matutinum.

369 881 584 909 Invitatorium.

235 938 261 970 O
285 939 414 970 comites
437 939 533 977 vitae,

282 985 452 1017 Dominum
468 986 651 1018 meditando
669 987 784 1027 venite,

236 1032 365 1073 Aegidii
387 1033 510 1065 meritis

283 1080 331 1112 sic
352 1080 470 1112 similes
496 1080 595 1114 eritis.

294 1175 341 1206 In
367 1174 397 1207 1.
425 1173 654 1207 Nocturno.

382 1248 577 1284 Antiphonae.

202 1330 210 1337 .
233 1305 352 1338 Beatus
376 1306 539 1345 Aegidius,

234 1352 372 1385 Natione
398 1352 547 1396 Graecus,

234 1398 360 1431 Nobilis
386 1403 454 1432 erat
477 1400 639 1440 progenie,

237 1446 302 1478 Sed
325 1447 462 1479 nobilior
487 1448 664 1480 sanctitate.

179 1512 186 1517 ·
202 1528 209 1535 .
236 1503 387 1535 Traditus
411 1504 509 1542 igitur

233 1549 435 1582 Liberalibus
460 1551 575 1583 studiis

234 1597 420 1630 Memoriter
445 1599 551 1639 coepit
574 1600 657 1631 viam

232 1644 391 1686 Indagare
416 1646 569 1679 veritatis.

200 1726 208 1734 .
234 1701 376 1739 Quadam
402 1701 454 1733 die

235 1748 373 1788 Pergens
397 1748 440 1781 ad
461 1749 627 1782 ecclesiam

238 1794 371 1828 Cuidam
393 1802 523 1836 aegroto

235 1842 387 1875 Tradidit
409 1844 550 1876 tunicam
574 1853 673 1878 suam.

375 1918 582 1953 Responsoria.

205 2003 211 2010 .
237 1975 355 2008 Beatus
380 1976 535 2016 Aegidius

234 2022 300 2055 Per
323 2023 462 2056 divinam
482 2025 658 2063 potentiam

234 2070 366 2105 Sanavit
389 2071 539 2103 miserum
564 2072 729 2115 quendam,

233 2118 293 2157 Qui
317 2128 337 2151 a
361 2121 511 2159 serpente
533 2127 702 2159 percussus

232 2164 435 2198 Mortiferum

231 2214 270 2245 In
296 2223 332 2245 se
354 2213 468 2246 habuit
490 2215 588 2249 virus,

163 2259 201 2293 V.
231 2259 456 2294 Misericordia
477 2264 581 2295 motus

281 2316 378 2348 super
400 2309 490 2341 illum

234 2356 367 2389 Sanavit
391 2365 460 2388 eum
485 2367 523 2390 ac
550 2358 679 2391 dimisit.

880 275 887 282 .
915 250 1049 282 Sanctus
1074 248 1126 282 vir
1148 245 1302 287 Aegidius

913 296 1065 337 Magnam
1088 294 1238 327 fiduciam

915 344 1045 376 Habens
1069 343 1103 374 in
1126 341 1262 374 Domino

915 391 1082 423 Liberavit
1109 390 1267 430 quendam
1295 394 1469 428 pauperem

914 440 1089 479 Arreptum
1113 448 1134 470 a
1159 436 1335 468 daemonio.

877 510 883 516 .
913 486 1057 518 Daemon
1082 486 1222 517 clamans

915 534 960 566 Et
982 532 1117 565 multum
1143 532 1327 570 discerpens

914 580 1073 612 Discessit
1096 579 1136 612 ab
1163 588 1210 613 eo.

881 660 888 666 .
916 636 1050 668 Sanctus
1080 635 1236 675 Aegidius

916 684 1006 716 Inter
1032 683 1096 715 alia
1119 686 1227 714 terrae

915 731 1042 763 Pellens
1066 730 1268 762 sterilitatem

915 776 1045 810 Infirmo
1069 776 1195 809 cuidam

914 825 1025 857 Totius
1051 825 1193 865 corporis

913 872 1073 905 Reddidit
1096 872 1276 910 sanitatem,

873 941 880 948 .
911 919 1068 951 Recolens
1092 919 1182 957 illud,
1211 918 1296 959 quod
1321 917 1456 949 dicitur:

914 966 988 1005 Quis
1012 964 1192 998 infirmatur

911 1013 957 1045 Et,
982 1022 1038 1053 ego
1060 1022 1123 1045 non
1147 1011 1315 1044 infirmor?

974 1097 1021 1129 In
1048 1099 1077 1130 2.
1105 1098 1336 1130 Nocturno.

1057 1162 1253 1197 Antiphonae.

880 1244 888 1252 .
915 1220 1032 1252 Secuta
1057 1223 1106 1252 est
1130 1229 1204 1261 ergo

961 1268 1064 1307 pietas
1088 1269 1251 1308 pietatem,

915 1315 995 1354 Quia
1021 1317 1094 1348 dum
1120 1324 1215 1355 aeger
1239 1315 1296 1346 ille

962 1363 1093 1394 indutus
1123 1365 1171 1395 est
1194 1363 1313 1403 tunica,

914 1410 1025 1442 Totius
1052 1410 1194 1450 corporis
1219 1411 1337 1442 meruit

962 1459 1107 1498 recipere
1129 1458 1309 1491 sanitatem.

880 1541 886 1547 .
914 1515 1049 1547 Sanctus
1074 1515 1124 1547 vir
1149 1515 1304 1555 Aegidius

916 1561 1034 1594 Navim
1057 1562 1220 1602 ingressus

916 1609 1085 1650 Applicuit
1108 1610 1151 1642 ad
1175 1609 1355 1642 Marsiliam

915 1656 962 1688 Et
983 1657 1060 1689 inde
1083 1658 1126 1689 ad
1151 1657 1315 1689 Arelatem

916 1704 968 1736 Ibi
993 1705 1176 1737 Caesarium
1202 1713 1368 1745 quaerens,

916 1750 1100 1783 Caesarium
1124 1752 1237 1783 sitiens

921 1797 1101 1830 Caesarium
1127 1799 1230 1831 adivit
1255 1799 1449 1839 episcopum.

884 1881 891 1887 .
917 1854 1007 1887 Sicut
1030 1863 1156 1888 socrum
1177 1856 1270 1888 Petri

962 1901 1213 1935 Febricitantem

1011 1950 1145 1983 sanavit
1167 1950 1333 1994 Dominus,

916 1996 970 2029 Sic
992 1997 1039 2029 ibi
1064 1998 1228 2030 cuiusdam

962 2045 1088 2077 Viduae
1112 2045 1212 2078 filiam

1010 2094 1041 2125 A
1067 2092 1158 2126 febre
1180 2094 1332 2126 liberavit

1059 2141 1226 2182 Aegidius.

1052 2206 1131 2243 Resp
1135 2209 1263 2236 onsoria.

858 2263 889 2296 1.
916 2263 941 2296 O
968 2272 1061 2303 quam
1085 2266 1255 2305 praeclara
1281 2266 1342 2299 duo

962 2311 1079 2345 Mundi
1102 2322 1279 2347 convenere

1005 2360 1202 2404 Luminaria‚
