1653 2567
134 456 167 482 V.

140 614 166 642 2.

652 131 909 166 —264—

193 228 354 258 Elisabeth,
374 237 425 264 per
445 227 543 256 omnia

194 266 323 302 Sequens
344 265 451 293 Christi
470 265 603 299 vestigia,

231 305 321 332 Prout
339 305 421 330 novit
439 302 557 334 melium

193 342 285 375 Quam
306 341 395 376 elegit
413 344 442 369 et
460 341 577 372 amavit,

192 379 373 414 Coneupivit,
395 379 564 406 sublimavit

229 417 340 445 Summi
360 418 437 452 regis
457 415 542 443 filius.

192 454 275 482 Haec
295 454 435 482 defunctis
456 452 550 481 reddit
568 453 655 479 vitam

188 492 347 519 Sanitatem
365 492 554 526 concupitam,

225 531 331 566 Aegi-is
351 529 460 556 confort
481 528 613 557 omnibus

223 568 321 603 Ipsam
343 566 573 602 implorantibus.

187 614 338 642 Elisabeth
360 614 543 641 obumbravit

224 652 291 680 Suis
312 651 391 679 Deus
412 651 539 687 scapulis

185 690 227 717 Et
244 691 388 725 insignem
409 690 571 725 insignavit
586 688 616 724 (l)

224 727 320 763 Signis
341 729 371 754 et
388 726 545 758 miraculis,

186 766 241 799 Qui
263 764 382 799 scapula
401 765 557 799 subiugata

221 803 336 830 Peeoati
357 802 480 838 piaculis

870 225 896 251 M
904 233 992 252 auare
1012 231 1127 251 sacrum
1148 223 1242 251 oleum

907 263 992 290 Facit
1011 262 1073 288 suis
1093 261 1219 289 famulis.

811 301 846 327 V.
873 300 953 327 Onus
970 301 1043 332 leve,
1064 301 1165 335 iugum
1180 307 1269 326 suave
1283 295 1439 333 (Christus)

905 338 973 366 Suis
993 339 1119 373 imponit
1136 337 1254 365 famulis
1274 337 1312 372 (l).

823 420 849 450 3.
870 423 1040 451 Gratulatur
1058 422 1222 458 Hungaria,

901 460 1057 488 Elisabeth
1076 461 1212 496 genitrix,

866 497 1111 535 Gongaudeatque
1130 497 1242 526 Thusia
1260 497 1297 533 (l),

901 537 1013 564 Tantae
1031 538 1134 564 matris
1154 535 1263 569 alitrix,

865 574 922 602 Per
942 582 1029 608 quam
1049 575 1152 610 vigent
1171 574 1314 601 miracula

902 613 987 640 Dono
1009 614 1104 639 saneti
1123 612 1254 648 spiritus,

864 646 1008 687 [Liquor],
1030 658 1116 686 quem
1136 650 1223 678 sudat
1242 650 1365 687 scapula

901 689 1020 716 Morbos
1041 696 1148 716 sanans
1168 689 1298 724 penitus;

806 727 842 755 V.
866 726 963 763 Digne
983 726 1066 753 tleoet
1083 726 1161 754 hane
1178 726 1300 754 laudare

864 764 906 791 Et
925 765 961 792 ad
981 765 1068 792 huius
1089 763 1228 792 anhelare

904 802 1012 830 Sancta
1030 802 1203 838 patrocinia.

128 860 171 887 In
191 857 216 885 2.
238 854 337 886 Noct.
362 856 383 883 Α
404 856 429 892 2,
445 856 462 885 2
482 858 516 886 In
535 858 600 885 Mar
602 858 691 894 purch
708 858 741 886 O.
756 874 792 878 —
810 856 855 885 BR
873 857 887 885 1
914 857 945 887 -3
960 859 1007 886 die
1021 858 1071 886 der
1085 862 1180 887 ersten
1194 859 1333 888 Noeturn.
1347 860 1381 887 B.
1395 875 1433 879 —

130 898 171 924 111
190 894 216 924 3.
237 896 340 924 Noet.
362 893 407 921 RB
430 893 503 923 1—3
525 895 572 923 die
591 868 641 923 ‹lIer
660 898 781 924 zweiten
799 897 931 925 Nectum
954 898 986 925 Β.
1008 912 1042 915 -
1066 895 1086 922 Β
1102 895 1120 925 3
1140 897 1213 926 fehlt
1233 898 1264 925 G.
1282 913 1319 917 —-
1338 898 1434 926 Prosa

130 934 203 962 fehlt
228 934 314 962 (1.-
335 934 375 960 In
401 932 425 960 2.
452 935 479 961 V
487 942 521 961 s
530 943 556 969 p.
579 934 615 960 ad
634 934 732 969 Magn.
753 933 776 961 Α
797 935 842 963 Ab
863 935 1063 963 adulescentia
1083 938 1135 962 ete.
1156 934 1220 968 AB,
1248 936 1298 964 eft.
1320 934 1341 963 Α
1363 934 1381 964 3
1400 938 1433 964 111

134 971 259 1007 1.-‚.Vep

295 971 454 1006 -Hymnen
484 971 520 999 ad
532 972 559 998 V
560 980 619 1007 esp.
637 973 666 999 et
678 972 776 999 Noct.:
790 973 892 1008 Pange
904 973 1007 1009 lingua
1019 973 1166 1008 gloriosae
1175 973 1263 1006 (Anal
1274 975 1340 1008 XII,
1355 973 1430 1011 111)-

133 1009 169 1037 ad
190 1009 318 1037 Laudes:
338 1010 518 1046 Lantgravia
537 1008 1012 1047 Thur-ingiae(Anal.XH,111).

142 2243 161 2274 05(

552 1138 598 1169 93.
632 1140 675 1170 De
690 1140 798 1171 sancta
818 1140 988 1172 Elisabeth.

266 1218 312 1250 Iu
337 1217 367 1250 1.
393 1218 608 1258 Vesperis.

340 1300 533 1336 Antiphonae.

167 1401 174 1408 .
201 1376 364 1408 Elisabeth
391 1377 431 1408 de
455 1386 528 1418 rege

247 1423 442 1463 Ungarorum
468 1424 568 1465 stirpe
591 1429 675 1466 nata,

199 1469 295 1501 Vultu
322 1470 444 1511 decora,

245 1515 308 1549 fert:
331 1517 391 1549 iam
417 1519 513 1551 vidua
536 1519 604 1552 Deo
629 1524 728 1561 grata.

165 1616 171 1622 .
198 1591 372 1624 Iuventutis
395 1592 504 1626 florem

244 1639 356 1672 timore
381 1637 538 1686 [Domini]
565 1644 653 1684 texit,

200 1685 369 1718 viduitatis
393 1688 486 1720 laude

245 1735 365 1773 gratiae
389 1735 470 1767 vixit
493 1736 561 1768 sine
586 1735 708 1770 fraude.

165 1833 170 1840 .
198 1808 291 1848 Regis
315 1809 393 1840 haec
415 1810 448 1841 in
474 1811 546 1842 aula

245 1856 320 1887 licet
342 1856 395 1896 pie
420 1854 532 1901 [foret]
558 1861 687 1900 nutrita,

199 1899 297 1946 [vias]
322 1903 371 1935 sui
393 1903 521 1937 Domini

248 1952 356 1982 tenens
381 1959 457 1983 vera
477 1953 634 1986 Israelita.

164 2048 171 2056 .
199 2024 313 2056 Sericis
337 2025 449 2058 induta

247 2072 328 2104 vixit
351 2073 408 2104 sub
434 2074 604 2115 magistrae
628 2078 731 2118 rigore

200 2118 258 2150 Pia
284 2120 469 2153 documenta

245 2175 352 2199 amans
377 2177 435 2207 pro
463 2168 580 2201 Christi
604 2171 709 2205 laude.

166 2266 172 2274 .
198 2240 397 2280 Ungarorum
421 2244 531 2284 stupis

245 2290 394 2329 progenie
419 2291 470 2322 hic
493 2297 651 2338 gener-‚ata

197 2334 264 2366 Fac
285 2338 358 2375 post
382 2339 534 2381 exsilium,

244 2387 353 2416 nostra
376 2388 411 2416 ut
434 2387 478 2418 sis
502 2388 667 2423 advocata.

799 1220 838 1252 R.
869 1220 921 1252 De
942 1222 1141 1261 paupertatis

922 1269 1017 1308 palea
1041 1268 1119 1300 haec
1143 1278 1243 1309 grana
1269 1271 1407 1311 collegit,

876 1315 1023 1347 Membra
1048 1316 1122 1347 dum
1148 1317 1252 1348 earnis

922 1362 1054 1402 propria
1078 1364 1193 1403 spiritu
1218 1365 1354 1406 subegit,

876 1409 921 1442 Ut
946 1410 992 1441 nil
1016 1411 1140 1449 puerile

921 1457 954 1488 111
978 1466 1075 1498 opere
1099 1459 1238 1499 gerendo

875 1503 988 1535 Sedem
1012 1505 1058 1535 nil
1082 1505 1187 1547 inopis

920 1551 1070 1592 praebuit
1094 1557 1127 1584 et,
1150 1562 1242 1593 opem
1270 1555 1387 1591 (lando.

806 1599 843 1630 V.
869 1597 1003 1643 Debilis,
1033 1600 1169 1633 debilior

921 1650 999 1688 erat,
1024 1656 1104 1687 quae
1127 1658 1287 1689 pauperes
1313 1655 1414 1683 sanat,

998 1721 1042 1749 Ad
1061 1722 1239 1758 Magnifieat„

802 1779 841 1810 A.
875 1777 1004 1818 Plaude,
1030 1778 1098 1812 filia
1122 1782 1210 1820 Sion,

875 1824 1001 1859 Christo
1027 1828 1094 1868 regi
1119 1828 1268 1871 Domino,

874 1872 932 1911 Qui
956 1873 1123 1907 Elisabeth
1148 1876 1196 1908 sio
1221 1878 1345 1919 dilexit,

876 1919 964 1952 Odor
989 1930 1083 1961 quam
1109 1924 1254 1956 adtraxit

874 1966 918 1998 Et
941 1967 1002 2000 Dei
1027 1978 1123 2009 sapor
1148 1973 1180 2002 et
1203 1973 1327 2012 puritas

871 2013 915 2046 Ut
942 2023 1050 2047 verum
1074 2017 1164 2050 sidus
1188 2022 1398 2065 praeclarum,

873 2061 904 2092 A
927 2063 995 2094 sole
1020 2065 1105 2103 quod
1133 2065 1241 2099 differt
1263 2078 1378 2109 parum

873 2108 918 2140 Et
941 2110 1017 2142 luna
1041 2111 1176 2146 lucidius

874 2155 1093 2200 Praedicatur,

875 2203 1018 2237 Christus
1044 2207 1117 2239 dum
1142 2218 1278 2249 sponsus

874 2250 911 2282 In
936 2261 1032 2293 regno
1058 2255 1221 2297 adoratur,

876 2297 935 2330 Cui
960 2309 1030 2332 eum
1056 2303 1264 2349 coniungitur,

873 2345 919 2378 Ut
942 2349 1043 2380 nostri
1068 2359 1188 2384 memor
1213 2354 1263 2398 sit,

872 2393 1041 2437 Rogemus,
1066 2398 1101 2430 in
1124 2404 1323 2441 perpetuum
