1653 2567
679 143 936 178 *254—

338 242 383 269 Aa
402 240 578 278 Mag-nificat.

159 301 200 333 A.
231 300 351 341 Gaude,
377 300 507 340 caelum,
534 300 630 337 terra,
653 298 779 338 plaude,

852 241 884 273 2.
910 238 978 271 Ista
1002 238 1086 278 regis
1109 234 1176 267 filia

909 285 999 317 Haec
1024 282 1278 324 contemptibilia

231 347 308 379 Dies
333 347 425 378 adest
450 347 545 387 digna
569 345 673 385 laude,

277 395 375 427 Plena
400 394 466 425 dies
491 393 601 434 gloria,

232 442 299 480 Qua
323 441 489 473 Elisabeth
513 440 676 480 antiquum

231 488 392 521 Castitatis
417 488 575 519 inimicum

275 535 373 568 Elisit
396 535 547 576 victoria3

230 583 289 615 Pia
312 585 414 614 mater
441 586 473 614 et
496 585 650 621 matrona,

276 630 353 663 Tuis
383 631 501 661 sanctis
527 629 674 669 precibus

229 677 442 709 Interventrix
468 680 499 709 et
521 679 657 716 patrona

276 725 326 757 Sis
350 733 408 764 pro
433 725 524 756 nobis
548 724 702 757 omnibus.

295 847 356 880 Ad
382 847 644 880 Matutinum.

358 921 572 949 Invitatorium.

230 978 312 1018 Regi
335 977 403 1009 Deo
427 978 596 1010 iubilantes

282 1025 425 1057 Laudum
449 1035 507 1064 per
531 1025 667 1065 insignia

230 1072 432 1104 Exsultemus
456 1075 642 1104 venerantes

277 1118 440 1150 Elisabeth
466 1120 640 1152 sollemnia.

294 1233 340 1265 In
366 1232 396 1265 1.
423 1232 646 1266 Nocturno.

384 1306 577 1343 Antiphonae.

200 1388 207 1395 .
231 1363 282 1395 Ex
308 1372 363 1396 ore
386 1365 570 1396 lactentium

279 1410 418 1442 Laudem
444 1411 511 1443 Deo
537 1411 671 1455 perficit,

233 1456 374 1489 Infantes
401 1459 555 1499 egentium

278 1506 359 1537 Dum
386 1507 474 1544 quasi
499 1506 605 1538 nutrix
630 1506 742 1540 reficit.

199 1586 206 1592 .
231 1561 262 1592 A
288 1561 392 1593 calore
417 1562 557 1594 caritatis

283 1607 435 1642 Calefacti
458 1618 624 1649 pauperes,

232 1655 327 1688 quta
350 1665 468 1695 prunas
493 1656 646 1688 nuditatis

277 1703 451 1735 Laetantur
474 1704 681 1737 immemores.

199 1783 206 1790 .
233 1759 398 1799 Inquinari
422 1769 532 1792 manus
556 1762 651 1793 sorde

280 1807 442 1846 Reputans
469 1808 599 1839 delicias

234 1853 432 1886 Infirmorum
455 1855 571 1887 mundo
598 1857 694 1888 corde

280 1902 412 1934 Tractat
434 1902 659 1937 immunditias,

370 1976 577 2012 Responsoria.

199 2060 205 2065 .
231 2034 281 2065 De
305 2035 502 2074 paupertatis
527 2035 619 2074 palea

231 2081 313 2113 Dum
340 2082 428 2121 quasi
454 2092 584 2123 granum
608 2085 765 2123 germinat

278 2129 443 2161 Elisabeth
467 2129 610 2174 insignis,

231 2176 387 2208 Haereses
413 2177 452 2208 ab
478 2185 553 2209 area

230 2222 324 2255 Fidei
350 2224 551 2256 disterminat

277 2271 402 2304 Meritis
428 2275 459 2303 et
480 2270 596 2314 signis3

193 2343 198 2348 .
230 2319 332 2350 Aures
356 2319 461 2351 surdis
485 2323 618 2364 reserat,

231 2365 360 2398 Claudis
385 2376 525 2407 gressum
549 2371 680 2407 reparat

274 2413 319 2445 Et
344 2415 443 2446 caecis
467 2416 633 2449 incessum.

956 333 1072 365 Mundi
1095 340 1157 363 non
1188 330 1293 370 elegit,

910 380 975 413 Sed
1000 389 1036 412 se
1058 380 1130 420 ipsa
1155 377 1269 410 fortior

911 427 1049 468 Seseque
1073 426 1239 458 sublimior

958 475 999 507 Se
1024 474 1085 507 sibi
1110 473 1244 513 subegit,

870 549 877 556 .
908 522 1063 563 Spiritum
1087 521 1214 559 ieiunio,

911 570 1045 602 Carnem
1070 568 1128 602 sub
1155 568 1258 600 cilicio

958 618 1080 658 Iugiter
1103 616 1270 656 castigans

876 710 883 717 .
911 684 934 717 O
961 684 1139 716 mirandam
1161 680 1303 713 mulieris

956 731 1058 763 Huius
1082 729 1315 768 fortitudinem,

907 779 975 818 Qua
998 779 1033 810 in
1057 786 1092 810 se
1116 778 1202 809 vitae
1226 776 1346 808 veteris

957 825 1011 858 Sic
1035 825 1153 858 occidit
1175 824 1344 863 hominem,

907 873 953 904 Et
975 875 1151 913 potestates
1176 872 1259 903 aeris

956 920 1062 952 Vertit
1081 920 1114 952 in
1140 919 1360 957 formidinem3

836 969 875 1001 V.
906 967 976 999 Hoc
999 970 1179 1007 pugnatura
1204 965 1309 998 stadio

952 1014 1063 1046 Mente
1087 1014 1190 1046 virum
1213 1012 1320 1045 induit

908 1061 1025 1093 Femur
1050 1062 1178 1101 cingens
1201 1060 1319 1101 gladio.

972 1205 1017 1236 In
1043 1206 1074 1236 2.
1101 1203 1331 1234 Nocturno.

1060 1287 1257 1322 Antiphouae.

852 1345 882 1377 1.
906 1344 957 1376 Ab
982 1344 1067 1375 intus
1092 1344 1176 1383 regis
1204 1343 1289 1376 filiae

911 1391 1017 1423 Omnis
1045 1392 1140 1423 decor
1164 1391 1295 1431 gloriae,

909 1438 998 1470 Nihil
1022 1438 1101 1471 foris
1127 1439 1253 1479 appetit

956 1486 1076 1518 Laudis
1103 1488 1133 1517 et
1159 1486 1298 1519 honoris,

876 1578 882 1584 .
909 1552 1055 1585 Omnium
1080 1550 1204 1592 refugio

957 1599 1099 1632 Fortiter
1124 1600 1288 1640 adhaeret,

910 1647 993 1679 Dum
1019 1647 1080 1679 viri
1104 1647 1218 1679 solatio

957 1695 1063 1727 Vidua
1089 1698 1223 1727 careret.

854 1766 884 1792 ¹.
911 1760 1040 1794 Habens
1065 1761 1151 1793 caelo
1176 1760 1421 1794 fundamentum

911 1808 1032 1839 Aurum
1057 1817 1154 1849 super
1180 1812 1211 1840 et
1235 1812 1401 1850 argentum

960 1855 1139 1888 Prudenter
1164 1855 1323 1895 aedificat,

960 1901 1042 1934 Dum
1066 1912 1223 1943 pauperes
1248 1903 1411 1937 laetificat.

1050 1979 1257 2013 Responsoria.

881 2063 887 2069 ‚
913 2036 1098 2075 Aspernata
1122 2038 1283 2069 saeculum

962 2082 1116 2116 Generosi
1141 2085 1303 2125 sanguinis

912 2130 1134 2170 Parvipendet
1157 2133 1294 2176 titulum,

915 2179 1171 2218 Apprehendens
1198 2181 1281 2212 enim
1306 2179 1411 2213 fusum

962 2226 1116 2258 Manuum
1142 2228 1272 2260 consilio

915 2273 1025 2306 Victus
1051 2275 1174 2314 quaerit
1199 2285 1301 2316 usum,

843 2322 880 2352 V.
910 2322 948 2354 111
975 2322 1235 2362 gazophylacium

962 2369 1067 2402 Vidua
1093 2379 1162 2402 cum
1186 2372 1286 2404 vidua

913 2417 1027 2449 Totum
1052 2419 1181 2451 mittens
1206 2420 1356 2460 pretium.
