<?xml version="1.0" encoding="UTF-8"?>
<!DOCTYPE html PUBLIC "-//W3C//DTD XHTML 1.0 Transitional//EN"
    "http://www.w3.org/TR/xhtml1/DTD/xhtml1-transitional.dtd">
<html xmlns="http://www.w3.org/1999/xhtml" xml:lang="en" lang="en">
 <head>
  <title>
</title>
<meta http-equiv="Content-Type" content="text/html;charset=utf-8" />
  <meta name='ocr-system' content='tesseract 3.04.00' />
  <meta name='ocr-capabilities' content='ocr_page ocr_carea ocr_par ocr_line ocrx_word'/>
</head>
<body>
  <div class='ocr_page' id='page_1' title='image "./analectahymnica25drevuoft_00174.png"; bbox 0 0 1653 2567; ppageno 0'>
   <div class='ocr_carea' id='block_1_1' title="bbox 699 152 957 188">
    <p class='ocr_par' dir='ltr' id='par_1_1' title="bbox 699 152 957 188">
     <span class='ocr_line' id='line_1_1' title="bbox 699 152 957 188; baseline 0 0"><span class='ocrx_word' id='word_1_1' title='bbox 699 152 957 188; x_wconf 81' lang='lat'>—171—</span> 
     </span>
    </p>
   </div>
   <div class='ocr_carea' id='block_1_2' title="bbox 210 247 710 382">
    <p class='ocr_par' dir='ltr' id='par_1_2' title="bbox 210 247 710 382">
     <span class='ocr_line' id='line_1_2' title="bbox 210 247 710 288; baseline 0.002 -7"><span class='ocrx_word' id='word_1_2' title='bbox 210 272 218 281; x_wconf 92' lang='lat'>.</span> <span class='ocrx_word' id='word_1_3' title='bbox 249 247 399 288; x_wconf 86' lang='lat' dir='ltr'>Suggerit</span> <span class='ocrx_word' id='word_1_4' title='bbox 423 247 464 279; x_wconf 91' lang='lat' dir='ltr'>ob</span> <span class='ocrx_word' id='word_1_5' title='bbox 490 247 525 279; x_wconf 85' lang='lat' dir='ltr'>id</span> <span class='ocrx_word' id='word_1_6' title='bbox 550 248 710 282; x_wconf 91' lang='lat' dir='ltr'>mentibus</span> 
     </span>
     <span class='ocr_line' id='line_1_3' title="bbox 247 295 651 335; baseline 0.002 -8"><span class='ocrx_word' id='word_1_7' title='bbox 247 295 431 335; x_wconf 87' lang='lat' dir='ltr'>Stiparique</span> <span class='ocrx_word' id='word_1_8' title='bbox 455 296 651 328; x_wconf 87' lang='lat' dir='ltr'>merentibus</span> 
     </span>
     <span class='ocr_line' id='line_1_4' title="bbox 294 343 597 382; baseline -0.003 -6"><span class='ocrx_word' id='word_1_9' title='bbox 294 343 384 376; x_wconf 84' lang='lat' dir='ltr'>Malo</span> <span class='ocrx_word' id='word_1_10' title='bbox 409 343 597 382; x_wconf 81' lang='lat' dir='ltr'>praecipite.</span> 
     </span>
    </p>
   </div>
   <div class='ocr_carea' id='block_1_3' title="bbox 212 399 779 679">
    <p class='ocr_par' dir='ltr' id='par_1_3' title="bbox 212 399 779 631">
     <span class='ocr_line' id='line_1_5' title="bbox 212 399 724 441; baseline -0.002 -8"><span class='ocrx_word' id='word_1_11' title='bbox 212 425 220 433; x_wconf 85' lang='lat'><strong>.</strong></span> <span class='ocrx_word' id='word_1_12' title='bbox 245 399 399 432; x_wconf 85' lang='lat' dir='ltr'>Miranda</span> <span class='ocrx_word' id='word_1_13' title='bbox 423 400 495 431; x_wconf 90' lang='lat' dir='ltr'>luce</span> <span class='ocrx_word' id='word_1_14' title='bbox 519 402 724 441; x_wconf 83' lang='lat' dir='ltr'>praeventus,</span> 
     </span>
     <span class='ocr_line' id='line_1_6' title="bbox 297 447 689 488; baseline -0.003 -8"><span class='ocrx_word' id='word_1_15' title='bbox 297 448 400 480; x_wconf 89' lang='lat' dir='ltr'>Cruce</span> <span class='ocrx_word' id='word_1_16' title='bbox 424 447 498 480; x_wconf 89' lang='lat' dir='ltr'>Iesu</span> <span class='ocrx_word' id='word_1_17' title='bbox 523 448 689 488; x_wconf 90' lang='lat' dir='ltr'>perculsus</span> 
     </span>
     <span class='ocr_line' id='line_1_7' title="bbox 244 495 779 536; baseline 0 -9"><span class='ocrx_word' id='word_1_18' title='bbox 244 495 428 536; x_wconf 86' lang='lat' dir='ltr'>Dulcesque</span> <span class='ocrx_word' id='word_1_19' title='bbox 451 496 572 535; x_wconf 84' lang='lat' dir='ltr'>promit</span> <span class='ocrx_word' id='word_1_20' title='bbox 596 498 779 536; x_wconf 79' lang='lat' dir='ltr'><strong>concentus,</strong></span> 
     </span>
     <span class='ocr_line' id='line_1_8' title="bbox 292 544 662 584; baseline 0 -9"><span class='ocrx_word' id='word_1_21' title='bbox 292 544 379 575; x_wconf 89' lang='lat' dir='ltr'>Voce</span> <span class='ocrx_word' id='word_1_22' title='bbox 403 544 514 584; x_wconf 84' lang='lat' dir='ltr'>gracili</span> <span class='ocrx_word' id='word_1_23' title='bbox 540 544 662 583; x_wconf 86' lang='lat' dir='ltr'>pulsus,</span> 
     </span>
     <span class='ocr_line' id='line_1_9' title="bbox 249 590 712 631; baseline -0.002 -8"><span class='ocrx_word' id='word_1_24' title='bbox 249 590 313 623; x_wconf 84' lang='lat' dir='ltr'>Sex</span> <span class='ocrx_word' id='word_1_25' title='bbox 336 590 461 631; x_wconf 84' lang='lat' dir='ltr'>Seraph</span> <span class='ocrx_word' id='word_1_26' title='bbox 486 591 546 623; x_wconf 87' lang='lat' dir='ltr'>alis</span> <span class='ocrx_word' id='word_1_27' title='bbox 570 591 712 623; x_wconf 89' lang='lat' dir='ltr'>intentus</span> 
     </span>
    </p>

    <p class='ocr_par' dir='ltr' id='par_1_4' title="bbox 297 639 704 679">
     <span class='ocr_line' id='line_1_10' title="bbox 297 639 704 679; baseline -0.002 -8"><span class='ocrx_word' id='word_1_28' title='bbox 297 639 540 679; x_wconf 77' lang='lat' dir='ltr'>contemplatur</span> <span class='ocrx_word' id='word_1_29' title='bbox 564 639 704 679; x_wconf 87' lang='lat' dir='ltr'>avulsus,</span> 
     </span>
    </p>
   </div>
   <div class='ocr_carea' id='block_1_4' title="bbox 206 686 715 720">
    <p class='ocr_par' dir='ltr' id='par_1_5' title="bbox 206 686 715 720">
     <span class='ocr_line' id='line_1_11' title="bbox 206 686 715 720; baseline -0.004 0"><span class='ocrx_word' id='word_1_30' title='bbox 206 714 213 720; x_wconf 96' lang='lat'>.</span> <span class='ocrx_word' id='word_1_31' title='bbox 244 686 308 718; x_wconf 88' lang='lat' dir='ltr'>Hic</span> <span class='ocrx_word' id='word_1_32' title='bbox 335 687 522 719; x_wconf 89' lang='lat' dir='ltr'>deliciarum</span> <span class='ocrx_word' id='word_1_33' title='bbox 549 689 715 718; x_wconf 87' lang='lat' dir='ltr'>contentus</span> 
     </span>
    </p>
   </div>
   <div class='ocr_carea' id='block_1_5' title="bbox 296 734 735 767">
    <p class='ocr_par' dir='ltr' id='par_1_6' title="bbox 296 734 735 767">
     <span class='ocr_line' id='line_1_12' title="bbox 296 734 735 767; baseline 0 -1"><span class='ocrx_word' id='word_1_34' title='bbox 296 734 334 766; x_wconf 90' lang='lat' dir='ltr'>In</span> <span class='ocrx_word' id='word_1_35' title='bbox 360 735 453 767; x_wconf 85' lang='lat' dir='ltr'>horto</span> <span class='ocrx_word' id='word_1_36' title='bbox 479 735 582 767; x_wconf 85' lang='lat' dir='ltr'>stillat</span> <span class='ocrx_word' id='word_1_37' title='bbox 605 735 735 766; x_wconf 87' lang='lat' dir='ltr'>mulsus.</span> 
     </span>
    </p>
   </div>
   <div class='ocr_carea' id='block_1_6' title="bbox 311 830 674 931">
    <p class='ocr_par' dir='ltr' id='par_1_7' title="bbox 311 830 674 931">
     <span class='ocr_line' id='line_1_13' title="bbox 311 830 674 863; baseline -0.003 -1"><span class='ocrx_word' id='word_1_38' title='bbox 311 830 357 862; x_wconf 90' lang='lat' dir='ltr'>In</span> <span class='ocrx_word' id='word_1_39' title='bbox 385 832 416 863; x_wconf 83' lang='lat'>2.</span> <span class='ocrx_word' id='word_1_40' title='bbox 444 830 674 862; x_wconf 83' lang='lat' dir='ltr'>Nocturno.</span> 
     </span>
     <span class='ocr_line' id='line_1_14' title="bbox 399 895 597 931; baseline 0 -9"><span class='ocrx_word' id='word_1_41' title='bbox 399 895 597 931; x_wconf 80' lang='lat' dir='ltr'>Antiphonae.</span> 
     </span>
    </p>
   </div>
   <div class='ocr_carea' id='block_1_7' title="bbox 215 953 713 1129">
    <p class='ocr_par' dir='ltr' id='par_1_8' title="bbox 215 953 713 1129">
     <span class='ocr_line' id='line_1_15' title="bbox 215 953 670 994; baseline 0 -9"><span class='ocrx_word' id='word_1_42' title='bbox 215 978 222 985; x_wconf 89' lang='lat'><strong><em>.</em></strong></span> <span class='ocrx_word' id='word_1_43' title='bbox 250 953 345 986; x_wconf 88' lang='lat' dir='ltr'>Hunc</span> <span class='ocrx_word' id='word_1_44' title='bbox 370 954 512 986; x_wconf 88' lang='lat' dir='ltr'>Parisius</span> <span class='ocrx_word' id='word_1_45' title='bbox 536 954 670 994; x_wconf 86' lang='lat' dir='ltr'>insignis</span> 
     </span>
     <span class='ocr_line' id='line_1_16' title="bbox 296 1002 656 1042; baseline -0.003 -8"><span class='ocrx_word' id='word_1_46' title='bbox 296 1002 374 1034; x_wconf 88' lang='lat' dir='ltr'>Alto</span> <span class='ocrx_word' id='word_1_47' title='bbox 401 1002 507 1034; x_wconf 88' lang='lat' dir='ltr'>elevat</span> <span class='ocrx_word' id='word_1_48' title='bbox 530 1002 656 1042; x_wconf 79' lang='lat' dir='ltr'>throno,</span> 
     </span>
     <span class='ocr_line' id='line_1_17' title="bbox 249 1049 713 1089; baseline -0.002 -8"><span class='ocrx_word' id='word_1_49' title='bbox 249 1049 348 1088; x_wconf 90' lang='lat' dir='ltr'>Quem</span> <span class='ocrx_word' id='word_1_50' title='bbox 373 1049 462 1081; x_wconf 88' lang='lat' dir='ltr'>Iesus</span> <span class='ocrx_word' id='word_1_51' title='bbox 489 1050 606 1081; x_wconf 87' lang='lat' dir='ltr'>ardore</span> <span class='ocrx_word' id='word_1_52' title='bbox 630 1049 713 1089; x_wconf 89' lang='lat' dir='ltr'>ignis</span> 
     </span>
     <span class='ocr_line' id='line_1_18' title="bbox 301 1096 662 1129; baseline 0 -1"><span class='ocrx_word' id='word_1_53' title='bbox 301 1096 439 1129; x_wconf 77' lang='lat' dir='ltr'>Caelesti</span> <span class='ocrx_word' id='word_1_54' title='bbox 464 1097 544 1129; x_wconf 89' lang='lat' dir='ltr'>ditat</span> <span class='ocrx_word' id='word_1_55' title='bbox 569 1097 662 1129; x_wconf 86' lang='lat' dir='ltr'>dono.</span> 
     </span>
    </p>
   </div>
   <div class='ocr_carea' id='block_1_8' title="bbox 219 1154 763 1336">
    <p class='ocr_par' dir='ltr' id='par_1_9' title="bbox 219 1154 763 1289">
     <span class='ocr_line' id='line_1_19' title="bbox 219 1154 693 1186; baseline -0.002 0"><span class='ocrx_word' id='word_1_56' title='bbox 219 1179 226 1186; x_wconf 96' lang='lat'>.</span> <span class='ocrx_word' id='word_1_57' title='bbox 253 1154 330 1186; x_wconf 92' lang='lat' dir='ltr'>Divi</span> <span class='ocrx_word' id='word_1_58' title='bbox 355 1154 520 1186; x_wconf 85' lang='lat' dir='ltr'>Francisci</span> <span class='ocrx_word' id='word_1_59' title='bbox 549 1154 693 1186; x_wconf 86' lang='lat' dir='ltr'>ordinem</span> 
     </span>
     <span class='ocr_line' id='line_1_20' title="bbox 297 1201 738 1242; baseline -0.005 -8"><span class='ocrx_word' id='word_1_60' title='bbox 297 1202 362 1234; x_wconf 88' lang='lat' dir='ltr'>Ter</span> <span class='ocrx_word' id='word_1_61' title='bbox 387 1201 491 1242; x_wconf 89' lang='lat' dir='ltr'>quinis</span> <span class='ocrx_word' id='word_1_62' title='bbox 516 1201 619 1233; x_wconf 87' lang='lat' dir='ltr'>tribus</span> <span class='ocrx_word' id='word_1_63' title='bbox 644 1201 738 1240; x_wconf 87' lang='lat' dir='ltr'>rexit,</span> 
     </span>
     <span class='ocr_line' id='line_1_21' title="bbox 251 1249 763 1289; baseline -0.002 -8"><span class='ocrx_word' id='word_1_64' title='bbox 251 1250 354 1281; x_wconf 85' lang='lat' dir='ltr'>Natos</span> <span class='ocrx_word' id='word_1_65' title='bbox 379 1259 439 1289; x_wconf 86' lang='lat' dir='ltr'>per</span> <span class='ocrx_word' id='word_1_66' title='bbox 463 1249 574 1281; x_wconf 88' lang='lat' dir='ltr'>mundi</span> <span class='ocrx_word' id='word_1_67' title='bbox 601 1249 763 1281; x_wconf 80' lang='lat' dir='ltr'>cardinem</span> 
     </span>
    </p>

    <p class='ocr_par' dir='ltr' id='par_1_10' title="bbox 301 1297 669 1336">
     <span class='ocr_line' id='line_1_22' title="bbox 301 1297 669 1336; baseline 0 -7"><span class='ocrx_word' id='word_1_68' title='bbox 301 1297 356 1329; x_wconf 89' lang='lat' dir='ltr'>Ad</span> <span class='ocrx_word' id='word_1_69' title='bbox 382 1297 485 1330; x_wconf 87' lang='lat' dir='ltr'>ardua</span> <span class='ocrx_word' id='word_1_70' title='bbox 510 1297 669 1336; x_wconf 81' lang='lat' dir='ltr'>provexit.</span> 
     </span>
    </p>
   </div>
   <div class='ocr_carea' id='block_1_9' title="bbox 219 1352 753 1537">
    <p class='ocr_par' dir='ltr' id='par_1_11' title="bbox 219 1352 687 1442">
     <span class='ocr_line' id='line_1_23' title="bbox 219 1352 659 1393; baseline -0.002 -7"><span class='ocrx_word' id='word_1_71' title='bbox 219 1380 226 1386; x_wconf 93' lang='lat'><strong>.</strong></span> <span class='ocrx_word' id='word_1_72' title='bbox 253 1355 300 1387; x_wconf 89' lang='lat' dir='ltr'>Ut</span> <span class='ocrx_word' id='word_1_73' title='bbox 321 1352 379 1385; x_wconf 91' lang='lat' dir='ltr'>flos</span> <span class='ocrx_word' id='word_1_74' title='bbox 406 1354 472 1385; x_wconf 92' lang='lat' dir='ltr'>eius</span> <span class='ocrx_word' id='word_1_75' title='bbox 500 1354 659 1393; x_wconf 86' lang='lat' dir='ltr'>eloquium</span> 
     </span>
     <span class='ocr_line' id='line_1_24' title="bbox 302 1400 687 1442; baseline -0.003 -9"><span class='ocrx_word' id='word_1_76' title='bbox 302 1401 472 1442; x_wconf 81' lang='lat' dir='ltr'>Fraglanti</span> <span class='ocrx_word' id='word_1_77' title='bbox 495 1400 554 1433; x_wconf 82' lang='lat' dir='ltr'>flat</span> <span class='ocrx_word' id='word_1_78' title='bbox 578 1401 687 1441; x_wconf 84' lang='lat' dir='ltr'>odore,</span> 
     </span>
    </p>

    <p class='ocr_par' dir='ltr' id='par_1_12' title="bbox 250 1448 753 1537">
     <span class='ocr_line' id='line_1_25' title="bbox 250 1448 638 1489; baseline -0.003 -8"><span class='ocrx_word' id='word_1_79' title='bbox 250 1449 352 1481; x_wconf 82' lang='lat' dir='ltr'>Nemo</span> <span class='ocrx_word' id='word_1_80' title='bbox 383 1449 450 1481; x_wconf 90' lang='lat' dir='ltr'>eius</span> <span class='ocrx_word' id='word_1_81' title='bbox 474 1448 638 1489; x_wconf 80' lang='lat' dir='ltr'>fastigium</span> 
     </span>
     <span class='ocr_line' id='line_1_26' title="bbox 301 1497 753 1537; baseline -0.004 -9"><span class='ocrx_word' id='word_1_82' title='bbox 301 1497 427 1537; x_wconf 86' lang='lat' dir='ltr'>Lingua</span> <span class='ocrx_word' id='word_1_83' title='bbox 452 1497 579 1529; x_wconf 85' lang='lat' dir='ltr'>scandit</span> <span class='ocrx_word' id='word_1_84' title='bbox 603 1505 664 1528; x_wconf 89' lang='lat' dir='ltr'>nec</span> <span class='ocrx_word' id='word_1_85' title='bbox 688 1504 753 1530; x_wconf 80' lang='lat' dir='ltr'>ore,</span> 
     </span>
    </p>
   </div>
   <div class='ocr_carea' id='block_1_10' title="bbox 212 1572 764 2134">
    <p class='ocr_par' dir='ltr' id='par_1_13' title="bbox 389 1572 600 1607">
     <span class='ocr_line' id='line_1_27' title="bbox 389 1572 600 1607; baseline -0.005 -8"><span class='ocrx_word' id='word_1_86' title='bbox 389 1572 600 1607; x_wconf 84' lang='lat' dir='ltr'>Responsoria.</span> 
     </span>
    </p>

    <p class='ocr_par' dir='ltr' id='par_1_14' title="bbox 219 1619 747 1708">
     <span class='ocr_line' id='line_1_28' title="bbox 219 1619 690 1660; baseline -0.002 -8"><span class='ocrx_word' id='word_1_87' title='bbox 219 1647 224 1652; x_wconf 97' lang='lat'>.</span> <span class='ocrx_word' id='word_1_88' title='bbox 252 1620 405 1660; x_wconf 84' lang='lat' dir='ltr'>Principe</span> <span class='ocrx_word' id='word_1_89' title='bbox 429 1620 539 1652; x_wconf 90' lang='lat' dir='ltr'>mundi</span> <span class='ocrx_word' id='word_1_90' title='bbox 565 1619 690 1651; x_wconf 87' lang='lat' dir='ltr'>sublato</span> 
     </span>
     <span class='ocr_line' id='line_1_29' title="bbox 302 1667 747 1708; baseline -0.004 -8"><span class='ocrx_word' id='word_1_91' title='bbox 302 1668 417 1700; x_wconf 85' lang='lat' dir='ltr'>Coetus</span> <span class='ocrx_word' id='word_1_92' title='bbox 442 1676 610 1708; x_wconf 85' lang='lat' dir='ltr'>procerum</span> <span class='ocrx_word' id='word_1_93' title='bbox 635 1667 747 1699; x_wconf 89' lang='lat' dir='ltr'>rimari</span> 
     </span>
    </p>

    <p class='ocr_par' dir='ltr' id='par_1_15' title="bbox 253 1715 764 1803">
     <span class='ocr_line' id='line_1_30' title="bbox 253 1715 764 1756; baseline -0.006 -7"><span class='ocrx_word' id='word_1_94' title='bbox 253 1716 376 1756; x_wconf 87' lang='lat' dir='ltr'>Coepit,</span> <span class='ocrx_word' id='word_1_95' title='bbox 404 1724 496 1756; x_wconf 88' lang='lat' dir='ltr'>quem</span> <span class='ocrx_word' id='word_1_96' title='bbox 522 1715 654 1747; x_wconf 85' lang='lat' dir='ltr'>caelitus</span> <span class='ocrx_word' id='word_1_97' title='bbox 674 1717 764 1755; x_wconf 86' lang='lat' dir='ltr'>grato</span> 
     </span>
     <span class='ocr_line' id='line_1_31' title="bbox 302 1763 648 1803; baseline 0 -8"><span class='ocrx_word' id='word_1_98' title='bbox 302 1763 447 1796; x_wconf 89' lang='lat' dir='ltr'>Culmine</span> <span class='ocrx_word' id='word_1_99' title='bbox 472 1763 648 1803; x_wconf 86' lang='lat' dir='ltr'>sublimari,</span> 
     </span>
    </p>

    <p class='ocr_par' dir='ltr' id='par_1_16' title="bbox 252 1811 712 1996">
     <span class='ocr_line' id='line_1_32' title="bbox 252 1811 697 1851; baseline -0.002 -8"><span class='ocrx_word' id='word_1_100' title='bbox 252 1812 292 1844; x_wconf 92' lang='lat' dir='ltr'>Id</span> <span class='ocrx_word' id='word_1_101' title='bbox 320 1811 423 1843; x_wconf 82' lang='lat' dir='ltr'>sancti</span> <span class='ocrx_word' id='word_1_102' title='bbox 448 1812 529 1843; x_wconf 86' lang='lat' dir='ltr'>velit</span> <span class='ocrx_word' id='word_1_103' title='bbox 553 1814 697 1851; x_wconf 88' lang='lat' dir='ltr'>spectato</span> 
     </span>
     <span class='ocr_line' id='line_1_33' title="bbox 300 1859 679 1901; baseline -0.003 -9"><span class='ocrx_word' id='word_1_104' title='bbox 300 1859 471 1899; x_wconf 84' lang='lat' dir='ltr'>Praesagio</span> <span class='ocrx_word' id='word_1_105' title='bbox 496 1859 679 1901; x_wconf 87' lang='lat' dir='ltr'>protestari,</span> 
     </span>
     <span class='ocr_line' id='line_1_34' title="bbox 253 1908 712 1949; baseline -0.002 -9"><span class='ocrx_word' id='word_1_106' title='bbox 253 1908 350 1947; x_wconf 91' lang='lat' dir='ltr'>Quem</span> <span class='ocrx_word' id='word_1_107' title='bbox 377 1908 476 1949; x_wconf 86' lang='lat' dir='ltr'>eligat</span> <span class='ocrx_word' id='word_1_108' title='bbox 499 1916 612 1948; x_wconf 89' lang='lat' dir='ltr'>preces</span> <span class='ocrx_word' id='word_1_109' title='bbox 637 1911 712 1939; x_wconf 88' lang='lat' dir='ltr'>nato</span> 
     </span>
     <span class='ocr_line' id='line_1_35' title="bbox 292 1955 688 1996; baseline -0.003 -8"><span class='ocrx_word' id='word_1_110' title='bbox 292 1956 423 1988; x_wconf 84' lang='lat' dir='ltr'>Fundat</span> <span class='ocrx_word' id='word_1_111' title='bbox 448 1955 545 1988; x_wconf 89' lang='lat' dir='ltr'>mitra</span> <span class='ocrx_word' id='word_1_112' title='bbox 569 1956 688 1996; x_wconf 87' lang='lat' dir='ltr'>ornari,</span> 
     </span>
    </p>

    <p class='ocr_par' dir='ltr' id='par_1_17' title="bbox 212 2004 653 2134">
     <span class='ocr_line' id='line_1_36' title="bbox 212 2004 635 2044; baseline 0.002 -9"><span class='ocrx_word' id='word_1_113' title='bbox 212 2028 219 2035; x_wconf 90' lang='lat'>.</span> <span class='ocrx_word' id='word_1_114' title='bbox 252 2004 311 2044; x_wconf 83' lang='lat' dir='ltr'>Qui</span> <span class='ocrx_word' id='word_1_115' title='bbox 334 2004 454 2039; x_wconf 88' lang='lat' dir='ltr'>virtute</span> <span class='ocrx_word' id='word_1_116' title='bbox 479 2004 635 2036; x_wconf 89' lang='lat' dir='ltr'>adornato</span> 
     </span>
     <span class='ocr_line' id='line_1_37' title="bbox 252 2052 653 2093; baseline -0.005 -8"><span class='ocrx_word' id='word_1_117' title='bbox 252 2052 407 2093; x_wconf 82' lang='lat' dir='ltr'>Gregorio</span> <span class='ocrx_word' id='word_1_118' title='bbox 439 2053 495 2084; x_wconf 85' lang='lat' dir='ltr'>dat</span> <span class='ocrx_word' id='word_1_119' title='bbox 516 2053 653 2084; x_wconf 87' lang='lat' dir='ltr'>lustrato</span> 
     </span>
     <span class='ocr_line' id='line_1_38' title="bbox 295 2099 636 2134; baseline 0.006 -2"><span class='ocrx_word' id='word_1_120' title='bbox 295 2100 412 2133; x_wconf 84' lang='lat' dir='ltr'>Fidem</span> <span class='ocrx_word' id='word_1_121' title='bbox 438 2103 471 2132; x_wconf 85' lang='lat' dir='ltr'>et</span> <span class='ocrx_word' id='word_1_122' title='bbox 494 2099 636 2134; x_wconf 79' lang='lat' dir='ltr'>infulari.</span> 
     </span>
    </p>
   </div>
   <div class='ocr_carea' id='block_1_11' title="bbox 216 2158 793 2488">
    <p class='ocr_par' dir='ltr' id='par_1_18' title="bbox 216 2158 793 2488">
     <span class='ocr_line' id='line_1_39' title="bbox 216 2158 689 2198; baseline -0.006 -6"><span class='ocrx_word' id='word_1_123' title='bbox 216 2185 223 2192; x_wconf 96' lang='lat'>.</span> <span class='ocrx_word' id='word_1_124' title='bbox 251 2158 393 2191; x_wconf 87' lang='lat' dir='ltr'>Felicem</span> <span class='ocrx_word' id='word_1_125' title='bbox 418 2158 452 2190; x_wconf 91' lang='lat' dir='ltr'>hi</span> <span class='ocrx_word' id='word_1_126' title='bbox 477 2166 536 2198; x_wconf 92' lang='lat' dir='ltr'>per</span> <span class='ocrx_word' id='word_1_127' title='bbox 561 2158 689 2189; x_wconf 85' lang='lat' dir='ltr'>saecula</span> 
     </span>
     <span class='ocr_line' id='line_1_40' title="bbox 295 2207 742 2249; baseline -0.002 -11"><span class='ocrx_word' id='word_1_128' title='bbox 295 2207 394 2247; x_wconf 89' lang='lat' dir='ltr'>Quem</span> <span class='ocrx_word' id='word_1_129' title='bbox 420 2214 558 2247; x_wconf 87' lang='lat' dir='ltr'>genuere</span> <span class='ocrx_word' id='word_1_130' title='bbox 582 2208 742 2249; x_wconf 79' lang='lat' dir='ltr'>parentes,</span> 
     </span>
     <span class='ocr_line' id='line_1_41' title="bbox 344 2254 793 2295; baseline -0.004 -9"><span class='ocrx_word' id='word_1_131' title='bbox 344 2255 457 2287; x_wconf 86' lang='lat' dir='ltr'>Talem</span> <span class='ocrx_word' id='word_1_132' title='bbox 483 2257 516 2286; x_wconf 89' lang='lat' dir='ltr'>et</span> <span class='ocrx_word' id='word_1_133' title='bbox 539 2254 637 2287; x_wconf 88' lang='lat' dir='ltr'>laude</span> <span class='ocrx_word' id='word_1_134' title='bbox 663 2254 793 2295; x_wconf 83' lang='lat' dir='ltr'>dignum</span> 
     </span>
     <span class='ocr_line' id='line_1_42' title="bbox 248 2303 657 2344; baseline -0.005 -8"><span class='ocrx_word' id='word_1_135' title='bbox 248 2303 368 2336; x_wconf 84' lang='lat' dir='ltr'>Natum</span> <span class='ocrx_word' id='word_1_136' title='bbox 399 2303 486 2335; x_wconf 85' lang='lat' dir='ltr'>orbis</span> <span class='ocrx_word' id='word_1_137' title='bbox 511 2303 657 2344; x_wconf 86' lang='lat' dir='ltr'>pericula</span> 
     </span>
     <span class='ocr_line' id='line_1_43' title="bbox 293 2352 791 2395; baseline -0.004 -12"><span class='ocrx_word' id='word_1_138' title='bbox 293 2352 486 2395; x_wconf 84' lang='lat' dir='ltr'>Arcentem‚</span> <span class='ocrx_word' id='word_1_139' title='bbox 544 2359 637 2392; x_wconf 89' lang='lat' dir='ltr'>quem</span> <span class='ocrx_word' id='word_1_140' title='bbox 680 2358 791 2384; x_wconf 84' lang='lat' dir='ltr'>sacrae</span> 
     </span>
     <span class='ocr_line' id='line_1_44' title="bbox 577 2401 700 2431; baseline -0.008 0"><span class='ocrx_word' id='word_1_141' title='bbox 577 2401 700 2431; x_wconf 85' lang='lat' dir='ltr'>mentes</span> 
     </span>
     <span class='ocr_line' id='line_1_45' title="bbox 340 2447 752 2488; baseline -0.002 -8"><span class='ocrx_word' id='word_1_142' title='bbox 340 2447 490 2480; x_wconf 85' lang='lat' dir='ltr'>Efferunt</span> <span class='ocrx_word' id='word_1_143' title='bbox 514 2451 547 2480; x_wconf 86' lang='lat' dir='ltr'>et</span> <span class='ocrx_word' id='word_1_144' title='bbox 569 2447 752 2488; x_wconf 83' lang='lat' dir='ltr'>benignum,</span> 
     </span>
    </p>
   </div>
   <div class='ocr_carea' id='block_1_12' title="bbox 863 249 902 283">
    <p class='ocr_par' dir='ltr' id='par_1_19' title="bbox 863 249 902 283">
     <span class='ocr_line' id='line_1_46' title="bbox 863 249 902 283; baseline 0.051 -2"><span class='ocrx_word' id='word_1_145' title='bbox 863 249 902 283; x_wconf 88' lang='lat' dir='ltr'>V.</span> 
     </span>
    </p>
   </div>
   <div class='ocr_carea' id='block_1_13' title="bbox 880 402 911 435">
    <p class='ocr_par' dir='ltr' id='par_1_20' title="bbox 880 402 911 435">
     <span class='ocr_line' id='line_1_47' title="bbox 880 402 911 435; baseline 0.032 -1"><span class='ocrx_word' id='word_1_146' title='bbox 880 402 911 435; x_wconf 84' lang='lat'>3.</span> 
     </span>
    </p>
   </div>
   <div class='ocr_carea' id='block_1_14' title="bbox 867 2300 907 2333">
    <p class='ocr_par' dir='ltr' id='par_1_21' title="bbox 867 2300 907 2333">
     <span class='ocr_line' id='line_1_48' title="bbox 867 2300 907 2333; baseline 0.025 -1"><span class='ocrx_word' id='word_1_147' title='bbox 867 2300 907 2333; x_wconf 88' lang='lat' dir='ltr'>V.</span> 
     </span>
    </p>
   </div>
   <div class='ocr_carea' id='block_1_15' title="bbox 908 1715 1483 1748">
    <p class='ocr_par' dir='ltr' id='par_1_22' title="bbox 908 1715 1483 1748">
     <span class='ocr_line' id='line_1_49' title="bbox 908 1715 1483 1748; baseline 0.003 -2"><span class='ocrx_word' id='word_1_148' title='bbox 908 1740 914 1746; x_wconf 95' lang='lat'>.</span> <span class='ocrx_word' id='word_1_149' title='bbox 939 1715 1098 1747; x_wconf 87' lang='lat' dir='ltr'>Doctrina</span> <span class='ocrx_word' id='word_1_150' title='bbox 1125 1715 1272 1747; x_wconf 83' lang='lat' dir='ltr'>clarescit</span> <span class='ocrx_word' id='word_1_151' title='bbox 1301 1716 1483 1748; x_wconf 86' lang='lat' dir='ltr'>hierarchia</span> 
     </span>
    </p>
   </div>
   <div class='ocr_carea' id='block_1_16' title="bbox 937 250 1492 386">
    <p class='ocr_par' dir='ltr' id='par_1_23' title="bbox 937 250 1492 386">
     <span class='ocr_line' id='line_1_50' title="bbox 937 250 1324 289; baseline 0.003 -8"><span class='ocrx_word' id='word_1_152' title='bbox 937 250 1054 282; x_wconf 88' lang='lat' dir='ltr'>Pandit</span> <span class='ocrx_word' id='word_1_153' title='bbox 1080 250 1186 282; x_wconf 89' lang='lat' dir='ltr'>dulcia</span> <span class='ocrx_word' id='word_1_154' title='bbox 1207 251 1324 289; x_wconf 83' lang='lat' dir='ltr'>pocula</span> 
     </span>
     <span class='ocr_line' id='line_1_51' title="bbox 983 296 1383 340; baseline 0.005 -12"><span class='ocrx_word' id='word_1_155' title='bbox 983 296 1142 328; x_wconf 86' lang='lat' dir='ltr'>Reficiens</span> <span class='ocrx_word' id='word_1_156' title='bbox 1167 297 1221 328; x_wconf 89' lang='lat' dir='ltr'>hic</span> <span class='ocrx_word' id='word_1_157' title='bbox 1246 303 1383 340; x_wconf 76' lang='lat' dir='ltr'>egenteS‚</span> 
     </span>
     <span class='ocr_line' id='line_1_52' title="bbox 1035 343 1492 386; baseline 0.004 -11"><span class='ocrx_word' id='word_1_158' title='bbox 1035 343 1144 376; x_wconf 87' lang='lat' dir='ltr'>Crucis</span> <span class='ocrx_word' id='word_1_159' title='bbox 1168 346 1339 378; x_wconf 85' lang='lat' dir='ltr'>ostendens</span> <span class='ocrx_word' id='word_1_160' title='bbox 1357 347 1492 386; x_wconf 86' lang='lat' dir='ltr'>signum.</span> 
     </span>
    </p>
   </div>
   <div class='ocr_carea' id='block_1_17' title="bbox 937 399 1493 822">
    <p class='ocr_par' dir='ltr' id='par_1_24' title="bbox 937 399 1493 822">
     <span class='ocr_line' id='line_1_53' title="bbox 937 399 1314 441; baseline 0 -7"><span class='ocrx_word' id='word_1_161' title='bbox 937 399 1038 441; x_wconf 86' lang='lat' dir='ltr'>Regio</span> <span class='ocrx_word' id='word_1_162' title='bbox 1062 401 1202 433; x_wconf 87' lang='lat' dir='ltr'>nectaris</span> <span class='ocrx_word' id='word_1_163' title='bbox 1226 402 1314 434; x_wconf 88' lang='lat' dir='ltr'>unda</span> 
     </span>
     <span class='ocr_line' id='line_1_54' title="bbox 982 447 1484 489; baseline 0.002 -9"><span class='ocrx_word' id='word_1_164' title='bbox 982 448 1068 487; x_wconf 87' lang='lat' dir='ltr'>Quae</span> <span class='ocrx_word' id='word_1_165' title='bbox 1092 447 1185 480; x_wconf 79' lang='lat' dir='ltr'>fluxit</span> <span class='ocrx_word' id='word_1_166' title='bbox 1209 458 1291 489; x_wconf 87' lang='lat' dir='ltr'>pura</span> <span class='ocrx_word' id='word_1_167' title='bbox 1317 450 1356 482; x_wconf 89' lang='lat' dir='ltr'>de</span> <span class='ocrx_word' id='word_1_168' title='bbox 1376 452 1484 481; x_wconf 90' lang='lat' dir='ltr'>monte</span> 
     </span>
     <span class='ocr_line' id='line_1_55' title="bbox 1033 497 1411 541; baseline -0.005 -11"><span class='ocrx_word' id='word_1_169' title='bbox 1033 497 1137 530; x_wconf 83' lang='lat' dir='ltr'>Claris</span> <span class='ocrx_word' id='word_1_170' title='bbox 1161 497 1265 537; x_wconf 87' lang='lat' dir='ltr'>patuit</span> <span class='ocrx_word' id='word_1_171' title='bbox 1290 497 1411 541; x_wconf 76' lang='lat' dir='ltr'>rivulis,</span> 
     </span>
     <span class='ocr_line' id='line_1_56' title="bbox 938 544 1425 585; baseline 0.002 -9"><span class='ocrx_word' id='word_1_172' title='bbox 938 544 1145 576; x_wconf 80' lang='lat' dir='ltr'>Tartarorum</span> <span class='ocrx_word' id='word_1_173' title='bbox 1171 549 1280 585; x_wconf 87' lang='lat' dir='ltr'>gentes</span> <span class='ocrx_word' id='word_1_174' title='bbox 1305 546 1425 577; x_wconf 88' lang='lat' dir='ltr'>munda</span> 
     </span>
     <span class='ocr_line' id='line_1_57' title="bbox 987 591 1362 625; baseline 0.003 -2"><span class='ocrx_word' id='word_1_175' title='bbox 987 591 1125 624; x_wconf 82' lang='lat' dir='ltr'>Balneat</span> <span class='ocrx_word' id='word_1_176' title='bbox 1148 592 1247 624; x_wconf 90' lang='lat' dir='ltr'>ubere</span> <span class='ocrx_word' id='word_1_177' title='bbox 1273 591 1362 625; x_wconf 83' lang='lat' dir='ltr'>fonte</span> 
     </span>
     <span class='ocr_line' id='line_1_58' title="bbox 1032 639 1493 680; baseline 0.002 -9"><span class='ocrx_word' id='word_1_178' title='bbox 1032 639 1193 671; x_wconf 87' lang='lat' dir='ltr'>Foedatas</span> <span class='ocrx_word' id='word_1_179' title='bbox 1218 640 1322 672; x_wconf 89' lang='lat' dir='ltr'>sordis</span> <span class='ocrx_word' id='word_1_180' title='bbox 1340 640 1493 680; x_wconf 83' lang='lat' dir='ltr'>vinculis3</span> 
     </span>
     <span class='ocr_line' id='line_1_59' title="bbox 938 686 1367 727; baseline 0.002 -8"><span class='ocrx_word' id='word_1_181' title='bbox 938 687 963 719; x_wconf 94' lang='grc' dir='ltr'>Ο</span> <span class='ocrx_word' id='word_1_182' title='bbox 990 687 1074 727; x_wconf 75' lang='lat' dir='ltr'>lesu,</span> <span class='ocrx_word' id='word_1_183' title='bbox 1100 689 1204 719; x_wconf 87' lang='lat' dir='ltr'>morte</span> <span class='ocrx_word' id='word_1_184' title='bbox 1229 686 1367 720; x_wconf 86' lang='lat' dir='ltr'>fecunda</span> 
     </span>
     <span class='ocr_line' id='line_1_60' title="bbox 985 734 1445 776; baseline 0.002 -10"><span class='ocrx_word' id='word_1_185' title='bbox 985 734 1053 766; x_wconf 85' lang='lat' dir='ltr'>Nos</span> <span class='ocrx_word' id='word_1_186' title='bbox 1077 735 1151 767; x_wconf 85' lang='lat' dir='ltr'>lava</span> <span class='ocrx_word' id='word_1_187' title='bbox 1175 737 1265 775; x_wconf 81' lang='lat' dir='ltr'>gutta</span> <span class='ocrx_word' id='word_1_188' title='bbox 1290 736 1321 767; x_wconf 93' lang='lat' dir='ltr'>in</span> <span class='ocrx_word' id='word_1_189' title='bbox 1348 734 1445 776; x_wconf 88' lang='lat' dir='ltr'>fonte,</span> 
     </span>
     <span class='ocr_line' id='line_1_61' title="bbox 1033 782 1394 822; baseline 0.006 -9"><span class='ocrx_word' id='word_1_190' title='bbox 1033 782 1117 822; x_wconf 89' lang='lat' dir='ltr'>Quos</span> <span class='ocrx_word' id='word_1_191' title='bbox 1144 783 1247 814; x_wconf 90' lang='lat' dir='ltr'>emisti</span> <span class='ocrx_word' id='word_1_192' title='bbox 1270 783 1394 815; x_wconf 88' lang='lat' dir='ltr'>iaculis.</span> 
     </span>
    </p>
   </div>
   <div class='ocr_carea' id='block_1_18' title="bbox 997 906 1358 941">
    <p class='ocr_par' dir='ltr' id='par_1_25' title="bbox 997 906 1358 941">
     <span class='ocr_line' id='line_1_62' title="bbox 997 906 1358 941; baseline 0.003 -3"><span class='ocrx_word' id='word_1_193' title='bbox 997 907 1044 938; x_wconf 84' lang='lat' dir='ltr'>In</span> <span class='ocrx_word' id='word_1_194' title='bbox 1071 908 1101 941; x_wconf 88' lang='lat'>3.</span> <span class='ocrx_word' id='word_1_195' title='bbox 1128 906 1358 940; x_wconf 83' lang='lat' dir='ltr'>NocturnO.</span> 
     </span>
    </p>
   </div>
   <div class='ocr_carea' id='block_1_19' title="bbox 1081 980 1278 1017">
    <p class='ocr_par' dir='ltr' id='par_1_26' title="bbox 1081 980 1278 1017">
     <span class='ocr_line' id='line_1_63' title="bbox 1081 980 1278 1017; baseline 0 -9"><span class='ocrx_word' id='word_1_196' title='bbox 1081 980 1278 1017; x_wconf 80' lang='lat' dir='ltr'>Antiphonae.</span> 
     </span>
    </p>
   </div>
   <div class='ocr_carea' id='block_1_20' title="bbox 904 1039 1389 1073">
    <p class='ocr_par' dir='ltr' id='par_1_27' title="bbox 904 1039 1389 1073">
     <span class='ocr_line' id='line_1_64' title="bbox 904 1039 1389 1073; baseline 0 -1"><span class='ocrx_word' id='word_1_197' title='bbox 904 1065 910 1072; x_wconf 96' lang='lat'>.</span> <span class='ocrx_word' id='word_1_198' title='bbox 936 1039 1095 1071; x_wconf 87' lang='lat' dir='ltr'>Immensa</span> <span class='ocrx_word' id='word_1_199' title='bbox 1120 1039 1238 1073; x_wconf 87' lang='lat' dir='ltr'>Christi</span> <span class='ocrx_word' id='word_1_200' title='bbox 1263 1040 1389 1072; x_wconf 83' lang='lat' dir='ltr'>bonitas</span> 
     </span>
    </p>
   </div>
   <div class='ocr_carea' id='block_1_21' title="bbox 941 1086 1425 1217">
    <p class='ocr_par' dir='ltr' id='par_1_28' title="bbox 941 1086 1425 1217">
     <span class='ocr_line' id='line_1_65' title="bbox 985 1086 1425 1129; baseline 0.002 -11"><span class='ocrx_word' id='word_1_201' title='bbox 985 1086 1081 1118; x_wconf 89' lang='lat' dir='ltr'>Hunc</span> <span class='ocrx_word' id='word_1_202' title='bbox 1106 1086 1210 1118; x_wconf 87' lang='lat' dir='ltr'>effecit</span> <span class='ocrx_word' id='word_1_203' title='bbox 1233 1088 1425 1129; x_wconf 86' lang='lat' dir='ltr'>mirabilem,</span> 
     </span>
     <span class='ocr_line' id='line_1_66' title="bbox 941 1134 1339 1168; baseline 0.003 -1"><span class='ocrx_word' id='word_1_204' title='bbox 941 1134 1036 1167; x_wconf 86' lang='lat' dir='ltr'>Cuius</span> <span class='ocrx_word' id='word_1_205' title='bbox 1061 1134 1162 1166; x_wconf 87' lang='lat' dir='ltr'>virtus</span> <span class='ocrx_word' id='word_1_206' title='bbox 1190 1135 1339 1168; x_wconf 82' lang='lat' dir='ltr'>divinitas</span> 
     </span>
     <span class='ocr_line' id='line_1_67' title="bbox 990 1182 1405 1217; baseline 0.005 -3"><span class='ocrx_word' id='word_1_207' title='bbox 990 1182 1119 1215; x_wconf 87' lang='lat' dir='ltr'>Cunctis</span> <span class='ocrx_word' id='word_1_208' title='bbox 1145 1183 1202 1214; x_wconf 83' lang='lat' dir='ltr'>dat</span> <span class='ocrx_word' id='word_1_209' title='bbox 1225 1183 1405 1217; x_wconf 90' lang='lat' dir='ltr'>amabilem.</span> 
     </span>
    </p>
   </div>
   <div class='ocr_carea' id='block_1_22' title="bbox 940 1239 1457 1423">
    <p class='ocr_par' dir='ltr' id='par_1_29' title="bbox 940 1239 1457 1423">
     <span class='ocr_line' id='line_1_68' title="bbox 942 1239 1395 1280; baseline 0.004 -10"><span class='ocrx_word' id='word_1_210' title='bbox 942 1239 1062 1280; x_wconf 80' lang='lat' dir='ltr'>Mutos,</span> <span class='ocrx_word' id='word_1_211' title='bbox 1090 1247 1211 1279; x_wconf 88' lang='lat' dir='ltr'>caecos,</span> <span class='ocrx_word' id='word_1_212' title='bbox 1237 1240 1395 1272; x_wconf 79' lang='lat' dir='ltr'>morbidos</span> 
     </span>
     <span class='ocr_line' id='line_1_69' title="bbox 992 1286 1457 1328; baseline 0.004 -10"><span class='ocrx_word' id='word_1_213' title='bbox 992 1286 1141 1327; x_wconf 86' lang='lat' dir='ltr'>Claudos‚</span> <span class='ocrx_word' id='word_1_214' title='bbox 1167 1287 1354 1327; x_wconf 85' lang='lat' dir='ltr'>languentes</span> <span class='ocrx_word' id='word_1_215' title='bbox 1380 1288 1457 1328; x_wconf 84' lang='lat' dir='ltr'>solo,</span> 
     </span>
     <span class='ocr_line' id='line_1_70' title="bbox 940 1333 1370 1374; baseline 0.002 -8"><span class='ocrx_word' id='word_1_216' title='bbox 940 1333 1116 1366; x_wconf 85' lang='lat' dir='ltr'>Defunctos</span> <span class='ocrx_word' id='word_1_217' title='bbox 1141 1335 1236 1374; x_wconf 82' lang='lat' dir='ltr'>vitae,</span> <span class='ocrx_word' id='word_1_218' title='bbox 1263 1335 1370 1367; x_wconf 88' lang='lat' dir='ltr'>aridos</span> 
     </span>
     <span class='ocr_line' id='line_1_71' title="bbox 988 1382 1448 1423; baseline 0.007 -10"><span class='ocrx_word' id='word_1_219' title='bbox 988 1382 1032 1414; x_wconf 87' lang='lat' dir='ltr'>Et</span> <span class='ocrx_word' id='word_1_220' title='bbox 1057 1382 1203 1414; x_wconf 88' lang='lat' dir='ltr'>obsessos</span> <span class='ocrx_word' id='word_1_221' title='bbox 1228 1383 1339 1414; x_wconf 87' lang='lat' dir='ltr'>reddit</span> <span class='ocrx_word' id='word_1_222' title='bbox 1362 1384 1448 1423; x_wconf 89' lang='lat' dir='ltr'>polo.</span> 
     </span>
    </p>
   </div>
   <div class='ocr_carea' id='block_1_23' title="bbox 907 1439 1462 1479">
    <p class='ocr_par' dir='ltr' id='par_1_30' title="bbox 907 1439 1462 1479">
     <span class='ocr_line' id='line_1_72' title="bbox 907 1439 1462 1479; baseline 0.002 -8"><span class='ocrx_word' id='word_1_223' title='bbox 907 1464 913 1470; x_wconf 92' lang='lat'><em>.</em></span> <span class='ocrx_word' id='word_1_224' title='bbox 941 1439 1058 1471; x_wconf 88' lang='lat' dir='ltr'>Tristis</span> <span class='ocrx_word' id='word_1_225' title='bbox 1083 1448 1200 1479; x_wconf 88' lang='lat' dir='ltr'>parens</span> <span class='ocrx_word' id='word_1_226' title='bbox 1228 1448 1297 1471; x_wconf 91' lang='lat' dir='ltr'>cum</span> <span class='ocrx_word' id='word_1_227' title='bbox 1324 1440 1462 1472; x_wconf 88' lang='lat' dir='ltr'>clamore</span> 
     </span>
    </p>
   </div>
   <div class='ocr_carea' id='block_1_24' title="bbox 940 1487 1424 1615">
    <p class='ocr_par' dir='ltr' id='par_1_31' title="bbox 940 1487 1424 1615">
     <span class='ocr_line' id='line_1_73' title="bbox 988 1487 1424 1526; baseline -0.002 -7"><span class='ocrx_word' id='word_1_228' title='bbox 988 1487 1146 1519; x_wconf 85' lang='lat' dir='ltr'>Abortum</span> <span class='ocrx_word' id='word_1_229' title='bbox 1172 1488 1280 1526; x_wconf 83' lang='lat' dir='ltr'>plorat</span> <span class='ocrx_word' id='word_1_230' title='bbox 1304 1490 1424 1526; x_wconf 87' lang='lat' dir='ltr'>natum,</span> 
     </span>
     <span class='ocr_line' id='line_1_74' title="bbox 940 1535 1377 1567; baseline -0.002 0"><span class='ocrx_word' id='word_1_231' title='bbox 940 1535 999 1567; x_wconf 91' lang='lat' dir='ltr'>Cui</span> <span class='ocrx_word' id='word_1_232' title='bbox 1024 1537 1152 1566; x_wconf 87' lang='lat' dir='ltr'>sanctus</span> <span class='ocrx_word' id='word_1_233' title='bbox 1173 1535 1208 1565; x_wconf 88' lang='lat' dir='ltr'>in</span> <span class='ocrx_word' id='word_1_234' title='bbox 1231 1543 1377 1566; x_wconf 87' lang='lat' dir='ltr'>maerore</span> 
     </span>
     <span class='ocr_line' id='line_1_75' title="bbox 988 1581 1419 1615; baseline 0.005 -2"><span class='ocrx_word' id='word_1_235' title='bbox 988 1581 1103 1614; x_wconf 90' lang='lat' dir='ltr'>Vivum</span> <span class='ocrx_word' id='word_1_236' title='bbox 1127 1582 1238 1613; x_wconf 82' lang='lat' dir='ltr'>reddit.</span> <span class='ocrx_word' id='word_1_237' title='bbox 1262 1586 1419 1615; x_wconf 87' lang='lat' dir='ltr'>sanatum.</span> 
     </span>
    </p>
   </div>
   <div class='ocr_carea' id='block_1_25' title="bbox 1082 1657 1290 1692">
    <p class='ocr_par' dir='ltr' id='par_1_32' title="bbox 1082 1657 1290 1692">
     <span class='ocr_line' id='line_1_76' title="bbox 1082 1657 1290 1692; baseline 0 -8"><span class='ocrx_word' id='word_1_238' title='bbox 1082 1657 1214 1692; x_wconf 82' lang='lat' dir='ltr'>Respons</span> <span class='ocrx_word' id='word_1_239' title='bbox 1220 1658 1290 1684; x_wconf 85' lang='lat' dir='ltr'>oria.</span> 
     </span>
    </p>
   </div>
   <div class='ocr_carea' id='block_1_26' title="bbox 935 1743 1493 1808">
    <p class='ocr_par' dir='ltr' id='par_1_33' title="bbox 935 1743 1493 1808">
     <span class='ocr_line' id='line_1_77' title="bbox 935 1743 1493 1808; baseline 0.002 -13"><span class='ocrx_word' id='word_1_240' title='bbox 935 1763 1009 1795; x_wconf 83' lang='lat' dir='ltr'>Iesu</span> <span class='ocrx_word' id='word_1_241' title='bbox 1035 1763 1115 1795; x_wconf 90' lang='lat' dir='ltr'>duce</span> <span class='ocrx_word' id='word_1_242' title='bbox 1141 1772 1234 1795; x_wconf 91' lang='lat' dir='ltr'>cruce</span> <span class='ocrx_word' id='word_1_243' title='bbox 1257 1764 1453 1808; x_wconf 80' lang='lat' dir='ltr'>monarchia,</span> <span class='ocrx_word' id='word_1_244' title='bbox 1486 1743 1493 1759; x_wconf 57' lang='lat'><em>⁵</em></span> 
     </span>
    </p>
   </div>
   <div class='ocr_carea' id='block_1_27' title="bbox 938 1811 1496 1988">
    <p class='ocr_par' dir='ltr' id='par_1_34' title="bbox 938 1811 1496 1951">
     <span class='ocr_line' id='line_1_78' title="bbox 942 1811 1442 1855; baseline 0 -12"><span class='ocrx_word' id='word_1_245' title='bbox 942 1811 1127 1855; x_wconf 57' lang='lat' dir='ltr'>Seraphim,</span> <span class='ocrx_word' id='word_1_246' title='bbox 1153 1820 1246 1851; x_wconf 89' lang='lat' dir='ltr'>pura,</span> <span class='ocrx_word' id='word_1_247' title='bbox 1272 1812 1442 1844; x_wconf 87' lang='lat' dir='ltr'>cherubica</span> 
     </span>
     <span class='ocr_line' id='line_1_79' title="bbox 938 1859 1496 1900; baseline 0.002 -10"><span class='ocrx_word' id='word_1_248' title='bbox 938 1859 1050 1891; x_wconf 89' lang='lat' dir='ltr'>Mente</span> <span class='ocrx_word' id='word_1_249' title='bbox 1074 1861 1201 1891; x_wconf 84' lang='lat' dir='ltr'>secutus</span> <span class='ocrx_word' id='word_1_250' title='bbox 1228 1862 1277 1891; x_wconf 85' lang='lat' dir='ltr'>est</span> <span class='ocrx_word' id='word_1_251' title='bbox 1302 1860 1496 1900; x_wconf 79' lang='lat' dir='ltr'>monastica3</span> 
     </span>
     <span class='ocr_line' id='line_1_80' title="bbox 940 1906 1312 1951; baseline 0.003 -12"><span class='ocrx_word' id='word_1_252' title='bbox 940 1907 1175 1951; x_wconf 79' lang='lat' dir='ltr'>Bonaventura‚</span> <span class='ocrx_word' id='word_1_253' title='bbox 1203 1906 1312 1940; x_wconf 76' lang='lat' dir='ltr'>futura</span> 
     </span>
    </p>

    <p class='ocr_par' dir='ltr' id='par_1_35' title="bbox 941 1955 1366 1988">
     <span class='ocr_line' id='line_1_81' title="bbox 941 1955 1366 1988; baseline 0 -1"><span class='ocrx_word' id='word_1_254' title='bbox 941 1955 1033 1988; x_wconf 86' lang='lat' dir='ltr'>Pelle</span> <span class='ocrx_word' id='word_1_255' title='bbox 1057 1955 1195 1987; x_wconf 82' lang='lat' dir='ltr'>obseura</span> <span class='ocrx_word' id='word_1_256' title='bbox 1219 1958 1252 1987; x_wconf 88' lang='lat' dir='ltr'>et</span> <span class='ocrx_word' id='word_1_257' title='bbox 1277 1956 1366 1988; x_wconf 88' lang='lat' dir='ltr'>dura.</span> 
     </span>
    </p>
   </div>
   <div class='ocr_carea' id='block_1_28' title="bbox 937 2011 1495 2487">
    <p class='ocr_par' dir='ltr' id='par_1_36' title="bbox 937 2011 1495 2487">
     <span class='ocr_line' id='line_1_82' title="bbox 942 2011 1350 2045; baseline 0 -1"><span class='ocrx_word' id='word_1_258' title='bbox 942 2013 1087 2044; x_wconf 84' lang='lat' dir='ltr'>Invictae</span> <span class='ocrx_word' id='word_1_259' title='bbox 1111 2011 1198 2045; x_wconf 84' lang='lat' dir='ltr'>fama</span> <span class='ocrx_word' id='word_1_260' title='bbox 1221 2013 1350 2045; x_wconf 83' lang='lat' dir='ltr'>virtutis</span> 
     </span>
     <span class='ocr_line' id='line_1_83' title="bbox 985 2060 1400 2104; baseline 0.002 -12"><span class='ocrx_word' id='word_1_261' title='bbox 985 2061 1091 2093; x_wconf 87' lang='lat' dir='ltr'>Aures</span> <span class='ocrx_word' id='word_1_262' title='bbox 1117 2060 1253 2101; x_wconf 86' lang='lat' dir='ltr'>subrigit</span> <span class='ocrx_word' id='word_1_263' title='bbox 1278 2063 1310 2092; x_wconf 78' lang='lat' dir='ltr'>et</span> <span class='ocrx_word' id='word_1_264' title='bbox 1334 2070 1400 2104; x_wconf 88' lang='lat' dir='ltr'>ora,</span> 
     </span>
     <span class='ocr_line' id='line_1_84' title="bbox 939 2108 1381 2150; baseline 0 -10"><span class='ocrx_word' id='word_1_265' title='bbox 939 2108 1061 2141; x_wconf 88' lang='lat' dir='ltr'>Sanant</span> <span class='ocrx_word' id='word_1_266' title='bbox 1085 2117 1124 2140; x_wconf 90' lang='lat' dir='ltr'>ac</span> <span class='ocrx_word' id='word_1_267' title='bbox 1146 2109 1233 2140; x_wconf 87' lang='lat' dir='ltr'>vires</span> <span class='ocrx_word' id='word_1_268' title='bbox 1258 2109 1381 2150; x_wconf 84' lang='lat' dir='ltr'>salutis,</span> 
     </span>
     <span class='ocr_line' id='line_1_85' title="bbox 986 2155 1298 2196; baseline 0 -8"><span class='ocrx_word' id='word_1_269' title='bbox 986 2155 1146 2189; x_wconf 86' lang='lat' dir='ltr'>Diffundit</span> <span class='ocrx_word' id='word_1_270' title='bbox 1172 2156 1298 2196; x_wconf 87' lang='lat' dir='ltr'>decora,</span> 
     </span>
     <span class='ocr_line' id='line_1_86' title="bbox 940 2204 1291 2245; baseline -0.006 -8"><span class='ocrx_word' id='word_1_271' title='bbox 940 2204 1136 2245; x_wconf 86' lang='lat' dir='ltr'>Contagione</span> <span class='ocrx_word' id='word_1_272' title='bbox 1160 2204 1291 2245; x_wconf 89' lang='lat' dir='ltr'>pollutis</span> 
     </span>
     <span class='ocr_line' id='line_1_87' title="bbox 986 2252 1495 2296; baseline 0.002 -12"><span class='ocrx_word' id='word_1_273' title='bbox 986 2252 1067 2284; x_wconf 83' lang='lat' dir='ltr'>Fert</span> <span class='ocrx_word' id='word_1_274' title='bbox 1082 2253 1240 2285; x_wconf 88' lang='lat' dir='ltr'>medelam</span> <span class='ocrx_word' id='word_1_275' title='bbox 1252 2252 1371 2292; x_wconf 87' lang='lat' dir='ltr'>absque</span> <span class='ocrx_word' id='word_1_276' title='bbox 1387 2262 1495 2296; x_wconf 84' lang='lat' dir='ltr'>mora;</span> 
     </span>
     <span class='ocr_line' id='line_1_88' title="bbox 937 2300 1380 2342; baseline 0.002 -10"><span class='ocrx_word' id='word_1_277' title='bbox 937 2301 1041 2333; x_wconf 84' lang='lat' dir='ltr'>Versa</span> <span class='ocrx_word' id='word_1_278' title='bbox 1065 2300 1098 2332; x_wconf 87' lang='lat' dir='ltr'>in</span> <span class='ocrx_word' id='word_1_279' title='bbox 1125 2301 1264 2332; x_wconf 88' lang='lat' dir='ltr'>cinerem</span> <span class='ocrx_word' id='word_1_280' title='bbox 1290 2301 1380 2342; x_wconf 85' lang='lat' dir='ltr'>cutis,</span> 
     </span>
     <span class='ocr_line' id='line_1_89' title="bbox 986 2348 1477 2390; baseline 0.004 -10"><span class='ocrx_word' id='word_1_281' title='bbox 986 2348 1121 2389; x_wconf 85' lang='lat' dir='ltr'>Lingua,</span> <span class='ocrx_word' id='word_1_282' title='bbox 1148 2349 1265 2382; x_wconf 88' lang='lat' dir='ltr'>rubens</span> <span class='ocrx_word' id='word_1_283' title='bbox 1290 2352 1326 2380; x_wconf 91' lang='lat' dir='ltr'>ut</span> <span class='ocrx_word' id='word_1_284' title='bbox 1351 2359 1477 2390; x_wconf 77' lang='lat' dir='ltr'>aurora,</span> 
     </span>
     <span class='ocr_line' id='line_1_90' title="bbox 944 2397 1418 2438; baseline 0.002 -9"><span class='ocrx_word' id='word_1_285' title='bbox 944 2397 1023 2430; x_wconf 89' lang='lat' dir='ltr'>Viva</span> <span class='ocrx_word' id='word_1_286' title='bbox 1046 2405 1178 2429; x_wconf 89' lang='lat' dir='ltr'>manens</span> <span class='ocrx_word' id='word_1_287' title='bbox 1204 2406 1297 2438; x_wconf 87' lang='lat' dir='ltr'>opem</span> <span class='ocrx_word' id='word_1_288' title='bbox 1321 2399 1418 2430; x_wconf 89' lang='lat' dir='ltr'>mutis</span> 
     </span>
     <span class='ocr_line' id='line_1_91' title="bbox 986 2445 1455 2487; baseline 0.006 -10"><span class='ocrx_word' id='word_1_289' title='bbox 986 2445 1053 2478; x_wconf 78' lang='lat' dir='ltr'>Dat</span> <span class='ocrx_word' id='word_1_290' title='bbox 1075 2445 1110 2478; x_wconf 89' lang='lat' dir='ltr'>in</span> <span class='ocrx_word' id='word_1_291' title='bbox 1133 2445 1363 2487; x_wconf 86' lang='lat' dir='ltr'>Lugdunorum</span> <span class='ocrx_word' id='word_1_292' title='bbox 1390 2456 1455 2480; x_wconf 88' lang='lat' dir='ltr'>ora.</span> 
     </span>
    </p>
   </div>
  </div>
 </body>
</html>
