1653 2567
753 154 796 159 —
850 135 918 170 287
970 156 1014 160 --

297 227 429 259 Sursum
454 236 554 268 supra
578 229 696 269 sidera,

343 274 411 313 Quo
436 276 471 306 tu
498 278 723 318 conscendisti,

987 232 1099 265 Victor
1123 234 1223 273 regali

1034 279 1111 312 fidei
1135 281 1249 312 merito
1276 281 1420 321 speciali,

223 320 261 352 V.
297 319 340 353 Ut
372 322 416 354 sit
447 322 602 362 splendor
625 324 766 357 Domini
790 326 856 358 Dei
914 327 952 358 V.
986 327 1190 370 Perveniant‚
1214 328 1268 368 qui
1293 331 1327 359 te

234 426 265 458 3.

211 1889 250 1923 V.

227 1999 259 2030 2.

292 369 400 401 wostri
423 378 521 410 super
543 380 615 403 nos.

293 425 454 458 Summum
483 426 579 459 decus
607 429 745 470 patriae,

339 473 435 506 Fidei
458 474 590 513 zelator,

294 520 414 562 Legum
442 524 474 552 et
497 522 640 555 iustitiae

341 569 477 601 Sanctus
500 571 730 614 promulgator,

292 616 343 649 Sis
369 616 497 650 divinae
521 618 647 658 gratiae

336 665 428 697 Mitis
449 665 651 706 impetrator.

287 713 335 746 Ut
358 714 400 745 ad
426 722 558 753 regnum
580 715 702 755 gloriae

338 761 406 793 Nos
433 761 530 793 ducat
553 763 704 795 salvator.

348 886 396 918 In
429 887 461 920 3.
489 886 718 922 Nocturno.

444 961 641 998 Antiphonae.

256 1044 264 1052 .
290 1019 361 1051 Rex
387 1022 458 1052 erat
480 1019 597 1051 Ericus

338 1067 478 1107 humiliS,
502 1068 644 1109 devotus,
671 1069 835 1112 honestus,

288 1115 446 1154 Prudens,
472 1115 669 1157 magnificus,

332 1164 469 1206 patienS,
484 1164 558 1204 pius
571 1167 667 1204 atque
674 1165 850 1198 modestus.

290 1220 441 1253 Correxit
464 1219 599 1252 Sueciae

335 1268 433 1310 leges,
461 1268 584 1300 servire
610 1270 713 1310 coegit

288 1314 416 1349 Christo
441 1315 599 1356 perfidiae

337 1367 458 1405 gentes,
486 1373 564 1404 quas
591 1373 667 1397 ense
691 1366 827 1407 subegit.

290 1420 396 1461 Digne
419 1422 600 1462 promeruit

332 1469 453 1501 sanctis
478 1470 617 1501 moriens
643 1471 770 1514 sociari,

289 1515 348 1555 Qui
373 1516 511 1549 Domino
537 1518 662 1549 studuit

336 1565 446 1597 vivens
472 1574 548 1597 vere
573 1564 735 1599 famulari.

424 1639 635 1675 Responsoria.

255 1721 261 1729 .
289 1699 358 1731 Pax
384 1698 520 1740 patriae,
549 1698 645 1730 decus
672 1700 835 1744 ecclesiae,

333 1747 420 1779 vitiis
445 1746 603 1785 inimicus,

285 1794 357 1826 Rex
384 1794 517 1828 Sueciae
543 1795 649 1827 caelos
674 1795 771 1828 hodie

336 1842 524 1875 conscendit
547 1843 674 1883 Ericus,

283 1891 345 1923 Pro
370 1890 448 1924 fidei
473 1889 602 1923 fervore
621 1891 683 1923 Dei

333 1939 470 1972 dilectus
495 1939 626 1973 amicuS.

286 1998 408 2030 Amens
433 1998 561 2030 omnino

331 2047 423 2079 letali
448 2046 582 2077 vulnere
607 2046 703 2087 quino

281 2094 324 2127 Se
349 2095 399 2127 vir
423 2092 597 2135 transfixit,

329 2143 420 2183 quasi
446 2145 591 2174 mortuus
617 2142 675 2174 ille
700 2143 827 2184 revixit,

208 2190 245 2226 V.
278 2190 376 2232 Regis
400 2189 529 2222 mirifici

219 2298 252 2330 3.

325 2238 448 2271 meritis
473 2241 605 2271 sanatus
629 2239 729 2273 Erici.

280 2297 305 2330 O
331 2296 425 2329 miles
452 2296 582 2341 Christi,

326 2345 380 2385 qui
406 2345 562 2385 martyrio
587 2344 734 2378 meruisti

279 2392 407 2426 Sanctis
434 2393 593 2435 coniungi,

325 2440 453 2474 iunctus
485 2442 668 2477 diademate
694 2440 794 2484 fungi,

1032 375 1176 415 laudant,
1204 376 1244 407 ad
1270 375 1388 416 gaudia
1412 375 1506 408 vitae.

1074 500 1091 532 Ι
1100 508 1121 531 11
1146 498 1174 530 L
1183 508 1232 531 au
1245 499 1264 531 d
1274 499 1284 530 i
1294 499 1315 530 b
1325 509 1346 530 u
1355 509 1381 532 s.

1132 573 1328 609 Antiphonae.

950 656 957 664 .
983 631 1100 664 Hostia
1129 634 1222 672 grata
1246 632 1314 664 Deo

1030 682 1171 712 mactata
1194 682 1307 719 petens
1332 680 1529 721 paradisum,

982 728 1079 767 Ecce,
1113 736 1276 768 purpureo

1029 776 1193 817 reparavit
1219 776 1373 815 sanguine
1398 775 1509 808 visum.

949 860 956 867 .
982 831 1104 866 Infanti
1130 833 1236 873 genito

1030 881 1099 912 sine
1123 881 1191 912 vita
1215 881 1299 921 regis
1325 880 1416 912 Erici

980 928 1055 960 Vita
1081 929 1175 961 datur
1198 928 1312 960 merito

1028 977 1214 1017 pariterque
1238 976 1325 1008 salus
1350 976 1516 1016 genetrici.

949 1059 956 1066 .
982 1033 1111 1074 Martyr
1135 1032 1325 1073 presbytero

1031 1081 1159 1121 linguae
1184 1081 1337 1113 solvendo
1362 1081 1501 1121 ligamen

983 1128 1047 1160 Dat
1073 1137 1143 1160 cum
1168 1128 1292 1160 sincero

1029 1177 1116 1208 vocis
1141 1176 1357 1208 modulamine
1382 1174 1499 1208 famen.

947 1259 955 1266 .
980 1234 1082 1266 Ferro
1108 1234 1299 1265 transsecuit

1028 1281 1193 1323 proprium
1220 1281 1270 1313 vir
1297 1283 1415 1323 guttur,
1444 1280 1534 1320 eique

981 1328 1117 1361 Sanctus
1144 1329 1322 1368 promeruit

1027 1377 1125 1409 vitam
1149 1377 1350 1408 venerandus
1375 1376 1502 1415 ubique.

945 1460 952 1467 .
980 1433 1004 1466 O
1031 1442 1089 1465 rex
1113 1433 1257 1476 insignis,

1029 1482 1078 1513 cui
1104 1482 1205 1514 servit
1229 1485 1340 1513 nostra
1366 1484 1505 1522 caterva,

980 1528 1190 1569 Praefulgcns
1215 1529 1325 1569 signis,

1026 1586 1085 1609 nos
1108 1580 1253 1619 protege,
1280 1577 1393 1617 dirige,
1418 1585 1524 1611 serva.

1101 1652 1147 1679 Ad
1168 1652 1353 1680 Benedictus.

943 1736 950 1743 .
982 1710 1108 1743 Corona
1138 1708 1263 1750 fulgens
1289 1719 1395 1753 aurea,

1029 1760 1107 1792 Flos
1138 1758 1302 1798 dignitatis
1326 1759 1442 1801 regiae,

980 1806 1116 1839 Sanctus
1143 1806 1257 1838 Ericus
1282 1807 1377 1848 ignea

1024 1855 1112 1888 Vicit
1135 1855 1202 1886 tela
1223 1855 1382 1896 malitiae3

979 1903 1033 1936 Sic
1059 1904 1163 1936 victor
1188 1912 1325 1935 vernans
1350 1903 1461 1935 laurea

1026 1952 1095 1984 Rex
1123 1953 1155 1982 et
1178 1953 1333 1991 patronus
1359 1951 1502 1993 Sueciae,

977 1999 1072 2031 Felix
1099 1999 1140 2032 de
1166 1999 1258 2031 domo
1280 1999 1367 2031 lutea

1026 2047 1160 2080 Transit
1184 2048 1224 2079 ad
1251 2055 1382 2087 regnum
1405 2047 1537 2087 gloriae.

1047 2163 1094 2195 ln
1120 2164 1152 2196 2.
1181 2163 1400 2202 Vesperis.

1100 2238 1146 2267 Ad
1165 2237 1345 2275 Magnificat.

937 2323 944 2330 .
977 2297 1074 2330 Miles
1098 2297 1182 2338 regis
1207 2296 1329 2337 gloriae

1024 2346 1125 2378 Tutor
1147 2345 1375 2387 innocentium,

975 2394 1114 2426 Malleus
1140 2392 1306 2434 perfidiae,

1024 2442 1095 2475 Rex
1118 2441 1227 2484 Erice,
1255 2442 1399 2475 bravium
