1653 2567
670 150 832 185 —262
883 170 925 175 -—

219 249 282 281 Per
305 248 426 280 timoris
450 248 597 287 spiritum

216 296 320 329 vilem
345 295 439 327 sumit
462 295 603 326 habitum

259 343 385 384 Pauper
409 344 441 373 et
463 342 597 374 abiecta.

183 424 189 431 .
214 398 384 438 Hospitale
409 399 584 430 construxit

213 447 252 478 In
276 446 447 487 Marpurgo
474 445 601 485 oppido,

214 494 251 525 In
278 502 337 532 quo
361 492 453 524 lassis
476 492 593 531 oppido

214 540 332 578 Quietis
355 539 511 571 exstruxit

211 587 363 618 Remedia

216 633 354 665 Caritate
376 633 490 665 media.

164 710 194 722 ..
221 690 277 722 Pia
301 693 425 730 gestans
448 689 570 720 viscera

264 737 319 769 Pie
345 735 502 768 cruciatur

215 784 423 823 Leprosorum
448 783 555 814 ulcera

261 831 316 863 Pie
340 830 507 863 osculatur.

353 890 557 926 Responsoria.

183 964 189 971 .
216 940 299 971 Dum
324 941 466 979 apertum
493 939 612 970 caelum
636 938 734 978 videt,

216 986 444 1025 Consolantem‚
471 986 512 1018 ad
538 995 627 1025 quem
653 985 747 1025 ridet,

261 1032 363 1064 Iesum
389 1033 491 1072 coepit
515 1031 627 1076 adfari,

212 1080 261 1111 Tu
284 1080 342 1122 vis,
367 1080 478 1121 inquit,
503 1088 572 1111 esse
594 1088 726 1123 mecum,

217 1126 270 1158 Sic
294 1130 324 1157 et
350 1135 405 1166 ego
430 1135 556 1167 semper
580 1130 682 1159 tecum

261 1173 330 1204 Nec
354 1173 423 1205 volo
444 1175 596 1215 separari,

177 1248 182 1254 .
215 1221 255 1253 Se
278 1220 435 1261 promittit
459 1220 602 1253 Christus
628 1221 666 1261 ei,

215 1269 293 1299 Cum
319 1270 490 1307 coeperunt
512 1268 593 1300 mira
617 1269 678 1302 Dei

264 1314 393 1346 Secreta.
415 1315 561 1347 revelari.

181 1396 188 1402 .
214 1371 299 1402 Ante
324 1371 390 1402 dies
416 1370 516 1402 exitus

214 1418 291 1449 Eius
317 1417 395 1449 collo
419 1418 548 1449 caelitus

261 1465 339 1496 Avis
362 1465 551 1507 modulatur,

215 1513 243 1543 A
269 1521 330 1551 qua
355 1520 431 1544 voce
454 1512 582 1544 modula

216 1558 317 1590 Dulce
340 1567 409 1590 cum
434 1560 559 1591 avicula

259 1606 361 1638 Melos
388 1606 591 1648 decantatur3

174 1676 181 1683 .
211 1653 277 1684 Iam
304 1653 403 1685 vicino
429 1654 564 1685 transitu

214 1700 398 1739 Prophetali
421 1701 536 1740 spiritu

264 1746 430 1779 Elisabeth
456 1747 598 1780 donatur.

158 1819 188 1835 a.
217 1802 274 1834 Cui
298 1812 356 1834 nec
380 1812 462 1843 apex
486 1812 587 1843 neque
611 1805 675 1837 iota

260 1850 482 1882 Mandatorum
510 1851 642 1892 deperit,

215 1897 256 1929 Ut
282 1898 382 1929 amica
406 1897 538 1936 pulchra
562 1902 629 1931 tota

261 1944 376 1976 Mortis
401 1944 509 1976 horam
535 1946 697 1988 comperit,

261 1992 318 2024 Cui
342 2000 414 2023 mox
442 1991 583 2025 Christus
609 1995 729 2036 aperit3

160 2038 180 2070 ¹.
210 2038 304 2077 Ecce,
330 2039 442 2078 inquit,
468 2039 566 2071 instat
590 2041 676 2079 hora,

259 2086 296 2118 In
321 2095 381 2126 qua
407 2086 495 2126 vigor
521 2088 653 2132 deperit,

211 2133 376 2165 Meliorem
400 2133 469 2165 sine
492 2144 580 2166 mora

257 2180 402 2221 Migrans
425 2181 522 2213 vitam
547 2183 676 2222 reperit.

273 2256 318 2287 111
345 2258 375 2289 3.
402 2255 627 2291 Nocturno.

352 2316 545 2352 Antiphonae.

179 2389 184 2394 .
210 2364 426 2396 Admirandae
447 2367 580 2398 saeculis

209 2412 306 2444 Fiunt
332 2412 371 2444 ab
397 2413 528 2445 aviculis

833 1512 852 1542 [Ο

892 245 1028 278 Funeris
1053 245 1231 284 exsequiae,

897 293 991 326 Cuius
1017 295 1089 323 sunt
1114 292 1268 333 reliquiae

893 342 931 374 In
956 340 1095 372 iucunda
1119 339 1238 380 requie.

892 396 978 429 Mira
1001 396 1102 428 nostri
1127 396 1278 436 temporis

893 444 990 478 Clara
1013 444 1097 475 sacri
1122 443 1264 483 corporis

940 492 968 522 A
994 490 1140 530 partibus
1168 490 1321 530 dispersis

893 538 1052 571 Sanitates
1077 540 1265 579 comparant

892 586 937 618 Et
960 586 1093 617 salutem
1119 588 1271 627 reparant

939 633 1053 672 Aegris
1078 632 1245 665 universis.

856 712 864 720 .
891 688 983 722 Foris
1007 689 1198 721 mirabiliter

938 733 1058 776 Caecis,
1083 737 1189 780 mutis,
1217 737 1350 778 claudis,

890 785 979 817 Intus
1005 784 1200 817 sensibiliter

940 830 1017 863 Cum
1044 831 1182 863 clamore
1206 832 1312 863 laudis

888 877 1045 910 Subvenit
1068 879 1198 911 assidue

890 926 1026 958 Sanctae
1051 926 1153 958 virtus
1179 926 1303 960 viduae.

1025 1019 1233 1055 Responsoria.

854 1102 862 1108 .
888 1076 1007 1117 Quibus
1033 1078 1134 1109 virtus
1159 1079 1282 1119 aberat,

892 1124 1018 1155 Virtute
1041 1125 1159 1157 liberat

938 1172 964 1202 A
984 1174 1056 1211 iugo
1083 1173 1250 1216 carcerali,

891 1219 968 1251 Post
991 1222 1130 1252 tumores
1154 1221 1260 1262 pelagi

890 1265 1081 1298 Redduntur
1106 1267 1252 1308 naufragi

939 1311 1040 1344 Saluti
1065 1315 1244 1356 temporali.

887 1359 1027 1392 Matrum
1052 1371 1165 1401 graves
1189 1363 1294 1395 salvat
1317 1367 1430 1403 partus

890 1407 935 1439 Et
957 1406 1109 1440 informes
1134 1410 1242 1442 reddit
1267 1414 1355 1442 artus

936 1453 1053 1487 Decori
1077 1457 1226 1491 naturali.

856 1536 863 1542 .
890 1510 941 1542 Ab
966 1511 1086 1544 insanis
1112 1516 1236 1552 exeunt,

887 1559 918 1590 A
944 1559 1072 1592 caducis
1098 1562 1259 1600 prodeunt

934 1605 1004 1637 Hae
1029 1608 1164 1640 virtutes
1191 1609 1282 1649 duae,

890 1653 980 1692 Quod
1004 1655 1150 1687 mundati
1174 1657 1315 1689 sordium

889 1700 1062 1741 Corporum
1089 1706 1121 1734 et
1146 1704 1289 1736 cordium

936 1748 1017 1780 Sunt
1040 1750 1080 1781 ab
1106 1752 1191 1783 omni
1215 1752 1278 1793 lue,

849 1819 857 1826 .
888 1794 1034 1827 Sentiunt
1057 1797 1075 1828 h
1079 1798 1237 1840 ydropici,

889 1842 1000 1874 Sciunt
1023 1846 1203 1886 paralytici,

890 1888 1036 1922 Clamant
1060 1895 1092 1923 et
1115 1894 1294 1933 phrenetici

940 1936 1010 1968 Vim
1037 1939 1163 1972 virtutis
1188 1949 1274 1974 suae.

856 2018 863 2025 .
891 1994 1013 2025 Tantae
1037 1996 1129 2035 signa
1154 1997 1276 2037 gloriae

890 2042 1089 2074 venerentur
1113 2044 1210 2077 hodie

938 2088 984 2120 Te
1008 2093 1116 2123 creata
1141 2095 1264 2133 cuncta,

893 2136 988 2169 Cuius
1013 2138 1081 2170 vita
1105 2140 1228 2183 recitat,

891 2184 983 2224 Quod
1009 2188 1140 2218 octonos
1164 2189 1302 2221 suscitat

939 2231 1084 2266 Mortuos
1111 2235 1281 2280 defuncta3

891 2278 969 2310 Post
991 2279 1135 2313 laborem
1161 2291 1291 2323 operum

891 2325 945 2358 Ad
970 2326 1107 2366 quietem
1128 2339 1277 2371 superum

891 2374 1020 2406 Transit
1045 2380 1148 2409 mater
1171 2387 1348 2419 pauperum

939 2421 1089 2456 Marthae
1113 2426 1184 2459 vice
1209 2425 1330 2462 functa.
