1655 2568
735 95 966 129 ,68-

211 187 242 218 4.
271 187 295 219 O
321 187 431 228 regina
456 190 624 228 caelorum,

270 234 377 267 Mater
402 237 485 276 regis
510 246 727 278 supernorum,

270 282 360 323 Veni,
386 283 448 326 pia,
477 287 509 316 et
532 285 643 326 adesto

269 329 355 362 Tuae
380 334 509 363 sanctae
532 332 643 364 matris
668 332 759 376 festo,

273 377 329 409 Cui
355 379 450 410 hodic

270 424 383 457 Coetus
409 427 562 458 ecclesiae

268 471 427 505 Decantat
450 474 620 513 praeconia
644 475 782 508 laudum.

199 518 235 551 V.
266 520 301 551 In
329 520 448 552 honore
472 524 545 553 tuae
568 523 678 554 matris

269 566 366 598 Placa
390 567 471 599 iram
496 569 609 600 summi
634 571 747 611 patris,

270 614 294 646 O
321 624 436 646 manna

270 661 380 694 Ortum
406 662 445 694 ab
472 664 574 696 Anna.

322 775 367 807 Iu
394 777 425 808 3.
452 776 688 811 Nocturno.

412 850 457 877 Ad
478 850 605 879 Cantica.

195 906 236 940 A.
267 906 344 939 Cum
368 908 463 939 Anna
485 909 637 949 audisset,

267 955 357 992 Quod
383 954 524 986 Ioaehim
549 958 735 991 recessisset

269 1001 440 1041 opprobrii
466 1002 600 1042 obiectu,

266 1048 346 1080 Toto
372 1049 486 1080 mentis
511 1050 625 1082 affectu

267 1095 405 1133 Orando,
433 1096 588 1135 plorando
615 1099 712 1131 dixit:

266 1142 290 1174 O
316 1142 460 1183 Domine,

267 1189 336 1221 Rex
361 1190 429 1221 sinc
452 1189 525 1231 fine,

267 1237 353 1276 Quae
379 1236 455 1279 dixi,
483 1239 559 1278 quid
584 1238 656 1280 feci,

266 1283 312 1315 Ut
338 1284 427 1316 dicar
454 1286 648 1318 maledicta?

264 1330 340 1369 Fac,
369 1333 403 1361 ut
428 1332 485 1363 sim
514 1333 689 1367 benedicta.

268 1377 324 1409 Cui
350 1377 431 1409 dixit
454 1381 610 1419 protinus,

266 1424 341 1456 Noli
365 1423 451 1464 fiere,
479 1427 619 1469 angeluS,

265 1471 347 1503 Nam
374 1474 522 1506 exaudita
548 1483 591 1515 eS,

266 1518 431 1559 Concipies
454 1524 486 1552 et
506 1522 612 1561 paries

264 1565 324 1597 Dei
348 1569 481 1599 matrem
507 1572 539 1600 et
561 1567 669 1609 filiam,

268 1614 403 1645 Vocabis
423 1623 491 1647 eam
517 1616 663 1648 Mariam.

401 1686 606 1722 ResponsorIa.

193 1741 233 1773 R.
264 1743 381 1775 Inclita
405 1744 503 1784 stirps
527 1747 616 1778 Iesse

312 1790 433 1831 virgam
458 1794 611 1831 produxit
637 1804 675 1827 ex
700 1806 744 1837 se,

264 1837 315 1869 De
340 1846 399 1877 qua
425 1836 482 1870 flos
506 1844 618 1873 vernat:
634 1852 716 1876 novo
729 1853 817 1876 more

310 1885 390 1916 miro
415 1885 564 1925 perfusus
589 1890 708 1931 odore3

191 1931 231 1964 V.
258 1931 349 1963 Haec
372 1932 463 1973 virga
485 1935 563 1968 dans
587 1946 704 1970 manna

312 1982 370 2020 est,
390 1989 470 2019 quae
486 1985 645 2021 processit
660 1986 700 2017 ab
710 1988 816 2028 Anna,

264 2027 378 2066 Maria,
406 2029 508 2060 mellis
534 2031 629 2073 stilla,

309 2072 368 2107 flos
394 2078 442 2106 est
466 2080 554 2110 ortus
580 2078 619 2110 ab
645 2080 711 2115 illa.

351 2181 397 2213 In
422 2179 653 2217 Laudibus,

397 2255 591 2292 Antiphonae.

204 2311 234 2343 1.
260 2312 299 2343 In
324 2312 473 2347 laudibus
500 2316 615 2349 Annae

308 2359 438 2392 studeat
460 2366 553 2396 natus
580 2367 612 2396 et.
635 2368 738 2407 pater,

952 193 1034 225 Nam
1060 194 1121 226 Dei
1146 193 1256 225 matris

997 242 1113 273 mcruit
1139 250 1208 273 cssc
1231 243 1341 272 mater.

915 343 922 350 .
949 317 1062 360 Homo,
1089 317 1143 358 qui
1165 317 1198 348 in
1223 316 1291 348 Deo
1315 314 1444 354 gaudes,

948 365 1041 397 Hanc
1066 366 1093 397 si
1118 367 1240 397 tantum
1266 362 1436 400 collaudes,

949 412 1019 444 Deo
1045 414 1107 444 eris
1133 414 1241 452 graius

948 460 993 492 Et
1016 460 1048 492 in
1071 459 1134 492 finc
1159 459 1280 492 beatus,

914 564 919 570 .
946 536 1054 568 Habet
1074 535 1274 576 privilegium

994 584 1101 616 Mater
1131 582 1243 615 matris
1270 581 1339 621 Dei,

950 630 995 663 Ut
1023 631 1077 663 det
1099 630 1302 670 privilegium

996 677 1209 710 Adstantibus
1235 677 1273 709 ei.

915 783 921 789 .
948 755 986 787 In
1011 754 1071 785 hac
1096 753 1179 785 euim
1205 751 1398 784 construitur

948 802 1116 841 Templum
1141 800 1225 831 sacri
1250 798 1442 839 spiraminis,

951 848 1039 881 Cella
1064 847 1210 889 numinis,

949 896 1010 928 Per
1035 905 1128 936 quam
1152 895 1252 926 hostis
1279 893 1466 926 devincitur.

916 999 922 1005 .
947 971 1037 1003 Haec
1062 975 1111 1002 est
1135 970 1316 1010 paradisus,

948 1019 987 1051 In
1019 1028 1080 1059 quo
1104 1019 1214 1050 hortus
1241 1015 1404 1049 conclusus-

994 1066 1172 1104 Excolitur‚

944 1114 981 1146 In
1008 1122 1068 1153 quo
1094 1112 1166 1145 fons
1191 1113 1345 1152 signam,

945 1161 1062 1201 Maria,
1088 1159 1160 1192 fons
1185 1159 1359 1197 hortorum,

998 1208 1174 1247 Recipitur.

1065 1301 1110 1328 Ad
1130 1299 1314 1328 Benedictus.

911 1388 916 1393 .
947 1360 972 1392 O
999 1358 1078 1391 felix
1102 1360 1208 1397 Anna,

948 1406 1035 1445 Quae
1058 1405 1200 1446 angelico
1221 1404 1318 1437 affatu

993 1453 1098 1494 Digna
1122 1451 1213 1485 fuisti

945 1501 990 1533 Et
1015 1504 1116 1532 mater
1139 1500 1251 1531 matris
1276 1499 1404 1532 Domini

993 1548 1077 1580 Esse
1099 1547 1255 1587 meruisti,

941 1597 1039 1630 Placa
1062 1604 1167 1637 regem
1193 1595 1323 1634 gloriae,

944 1643 1063 1675 Natum
1088 1647 1162 1675 tuae
1185 1641 1282 1682 filiae,

993 1690 1092 1729 Quam
1117 1694 1151 1722 tu
1176 1690 1230 1729 pie
1253 1689 1390 1721 lactasti.

1009 1834 1055 1866 In
1081 1835 1111 1866 2.
1140 1832 1249 1872 Vesp
1264 1833 1361 1865 eris.

1069 1918 1114 1945 Ad
1133 1916 1313 1953 Magnificat.

874 1988 914 2021 A.
947 1986 971 2018 Ο
996 1986 1102 2026 Anna,

944 2033 1103 2066 Bonorum
1128 2033 1221 2065 radix
1247 2034 1395 2072 omnium,

947 2081 971 2113 O
998 2080 1120 2113 Manna

944 2128 1035 2162 Dans
1058 2128 1178 2161 mundo
1201 2137 1315 2161 verum
1340 2128 1501 2170 gaudium,

947 2176 1036 2209 Caeli
1061 2176 1313 2219 admiratorium,

945 2223 1008 2257 Dei
1032 2224 1280 2263 reclinatorium,

945 2271 995 2303 Tu
1019 2280 1052 2304 es
1078 2273 1181 2304 electa
1205 2272 1326 2317 civitas,

945 2320 985 2353 In
1011 2329 1073 2360 qua
1095 2320 1159 2352 Dei
1182 2320 1350 2360 palatium,

945 2368 1040 2402 Horti
1066 2368 1166 2401 clausi
1191 2371 1361 2412 tugurium,
