<?xml version="1.0" encoding="UTF-8"?>
<!DOCTYPE html PUBLIC "-//W3C//DTD XHTML 1.0 Transitional//EN"
    "http://www.w3.org/TR/xhtml1/DTD/xhtml1-transitional.dtd">
<html xmlns="http://www.w3.org/1999/xhtml" xml:lang="en" lang="en">
 <head>
  <title>
</title>
<meta http-equiv="Content-Type" content="text/html;charset=utf-8" />
  <meta name='ocr-system' content='tesseract 3.04.00' />
  <meta name='ocr-capabilities' content='ocr_page ocr_carea ocr_par ocr_line ocrx_word'/>
</head>
<body>
  <div class='ocr_page' id='page_1' title='image "./analectahymnica25drevuoft_00185.png"; bbox 0 0 1653 2567; ppageno 0'>
   <div class='ocr_carea' id='block_1_1' title="bbox 694 128 951 164">
    <p class='ocr_par' dir='ltr' id='par_1_1' title="bbox 694 128 951 164">
     <span class='ocr_line' id='line_1_1' title="bbox 694 128 951 164; baseline -0.004 0"><span class='ocrx_word' id='word_1_1' title='bbox 694 128 951 164; x_wconf 83' lang='lat'>-182—</span> 
     </span>
    </p>
   </div>
   <div class='ocr_carea' id='block_1_2' title="bbox 243 228 745 317">
    <p class='ocr_par' dir='ltr' id='par_1_2' title="bbox 243 228 745 317">
     <span class='ocr_line' id='line_1_2' title="bbox 243 228 562 260; baseline -0.003 0"><span class='ocrx_word' id='word_1_2' title='bbox 243 228 280 260; x_wconf 87' lang='lat' dir='ltr'>In</span> <span class='ocrx_word' id='word_1_3' title='bbox 312 229 398 260; x_wconf 88' lang='lat' dir='ltr'>cuius</span> <span class='ocrx_word' id='word_1_4' title='bbox 423 228 562 260; x_wconf 78' lang='lat' dir='ltr'>thalamo</span> 
     </span>
     <span class='ocr_line' id='line_1_3' title="bbox 288 274 745 317; baseline 0 -11"><span class='ocrx_word' id='word_1_5' title='bbox 288 277 398 317; x_wconf 89' lang='lat' dir='ltr'>requie</span> <span class='ocrx_word' id='word_1_6' title='bbox 423 274 540 308; x_wconf 82' lang='lat' dir='ltr'><strong>fruitur</strong></span> <span class='ocrx_word' id='word_1_7' title='bbox 564 284 622 307; x_wconf 90' lang='lat' dir='ltr'>sua</span> <span class='ocrx_word' id='word_1_8' title='bbox 646 274 745 315; x_wconf 89' lang='lat' dir='ltr'>virgo.</span> 
     </span>
    </p>
   </div>
   <div class='ocr_carea' id='block_1_3' title="bbox 184 331 593 374">
    <p class='ocr_par' dir='ltr' id='par_1_3' title="bbox 184 331 593 374">
     <span class='ocr_line' id='line_1_4' title="bbox 184 331 593 374; baseline -0.01 -7"><span class='ocrx_word' id='word_1_9' title='bbox 184 334 214 367; x_wconf 88' lang='lat'>3.</span> <span class='ocrx_word' id='word_1_10' title='bbox 242 332 301 371; x_wconf 76' lang='lat' dir='ltr'>Qui</span> <span class='ocrx_word' id='word_1_11' title='bbox 326 341 413 365; x_wconf 86' lang='lat' dir='ltr'>mare</span> <span class='ocrx_word' id='word_1_12' title='bbox 436 331 593 374; x_wconf 84' lang='lat' dir='ltr'>fundavit,</span> 
     </span>
    </p>
   </div>
   <div class='ocr_carea' id='block_1_4' title="bbox 293 378 779 420">
    <p class='ocr_par' dir='ltr' id='par_1_4' title="bbox 293 378 779 420">
     <span class='ocr_line' id='line_1_5' title="bbox 293 378 779 420; baseline -0.002 -10"><span class='ocrx_word' id='word_1_13' title='bbox 293 381 414 412; x_wconf 85' lang='lat' dir='ltr'>caelum</span> <span class='ocrx_word' id='word_1_14' title='bbox 437 383 619 420; x_wconf 86' lang='lat' dir='ltr'>terramque</span> <span class='ocrx_word' id='word_1_15' title='bbox 642 378 779 418; x_wconf 84' lang='lat' dir='ltr'>paravit,</span> 
     </span>
    </p>
   </div>
   <div class='ocr_carea' id='block_1_5' title="bbox 243 426 737 507">
    <p class='ocr_par' dir='ltr' id='par_1_5' title="bbox 243 426 737 507">
     <span class='ocr_line' id='line_1_6' title="bbox 243 426 623 467; baseline -0.003 -9"><span class='ocrx_word' id='word_1_16' title='bbox 243 427 319 467; x_wconf 88' lang='lat' dir='ltr'>Ipse</span> <span class='ocrx_word' id='word_1_17' title='bbox 347 436 434 459; x_wconf 86' lang='lat' dir='ltr'>suam</span> <span class='ocrx_word' id='word_1_18' title='bbox 460 426 623 459; x_wconf 84' lang='lat' dir='ltr'>Breowam</span> 
     </span>
     <span class='ocr_line' id='line_1_7' title="bbox 288 472 737 507; baseline 0.002 -2"><span class='ocrx_word' id='word_1_19' title='bbox 288 474 322 505; x_wconf 87' lang='lat' dir='ltr'>in</span> <span class='ocrx_word' id='word_1_20' title='bbox 346 477 455 507; x_wconf 87' lang='lat' dir='ltr'>sancto</span> <span class='ocrx_word' id='word_1_21' title='bbox 480 476 586 506; x_wconf 89' lang='lat' dir='ltr'>monte</span> <span class='ocrx_word' id='word_1_22' title='bbox 609 472 737 506; x_wconf 85' lang='lat' dir='ltr'>locavit.</span> 
     </span>
    </p>
   </div>
   <div class='ocr_carea' id='block_1_6' title="bbox 301 567 662 601">
    <p class='ocr_par' dir='ltr' id='par_1_6' title="bbox 301 567 662 601">
     <span class='ocr_line' id='line_1_8' title="bbox 301 567 662 601; baseline 0 -1"><span class='ocrx_word' id='word_1_23' title='bbox 301 568 348 600; x_wconf 88' lang='lat' dir='ltr'>In</span> <span class='ocrx_word' id='word_1_24' title='bbox 374 569 404 600; x_wconf 84' lang='lat'>2.</span> <span class='ocrx_word' id='word_1_25' title='bbox 430 567 662 601; x_wconf 85' lang='lat' dir='ltr'>NocturnO.</span> 
     </span>
    </p>
   </div>
   <div class='ocr_carea' id='block_1_7' title="bbox 380 641 576 677">
    <p class='ocr_par' dir='ltr' id='par_1_7' title="bbox 380 641 576 677">
     <span class='ocr_line' id='line_1_9' title="bbox 380 641 576 677; baseline -0.005 -8"><span class='ocrx_word' id='word_1_26' title='bbox 380 641 576 677; x_wconf 78' lang='lat' dir='ltr'>Antiphonae.</span> 
     </span>
    </p>
   </div>
   <div class='ocr_carea' id='block_1_8' title="bbox 182 699 736 834">
    <p class='ocr_par' dir='ltr' id='par_1_8' title="bbox 182 699 736 834">
     <span class='ocr_line' id='line_1_10' title="bbox 182 699 611 739; baseline -0.005 -6"><span class='ocrx_word' id='word_1_27' title='bbox 182 702 211 733; x_wconf 86' lang='lat'>1.</span> <span class='ocrx_word' id='word_1_28' title='bbox 240 699 435 739; x_wconf 84' lang='lat' dir='ltr'>Complacuit</span> <span class='ocrx_word' id='word_1_29' title='bbox 460 699 611 732; x_wconf 85' lang='lat' dir='ltr'>Breowae</span> 
     </span>
     <span class='ocr_line' id='line_1_11' title="bbox 288 746 736 786; baseline 0 -8"><span class='ocrx_word' id='word_1_30' title='bbox 288 748 410 786; x_wconf 82' lang='lat' dir='ltr'>species</span> <span class='ocrx_word' id='word_1_31' title='bbox 436 749 468 778; x_wconf 87' lang='lat' dir='ltr'>et</span> <span class='ocrx_word' id='word_1_32' title='bbox 492 746 736 786; x_wconf 85' lang='lat' dir='ltr'>pulchritudove</span> 
     </span>
     <span class='ocr_line' id='line_1_12' title="bbox 236 794 509 834; baseline -0.007 -8"><span class='ocrx_word' id='word_1_33' title='bbox 236 794 316 833; x_wconf 83' lang='lat' dir='ltr'>Regi</span> <span class='ocrx_word' id='word_1_34' title='bbox 341 795 509 834; x_wconf 84' lang='lat' dir='ltr'>caelorum,</span> 
     </span>
    </p>
   </div>
   <div class='ocr_carea' id='block_1_9' title="bbox 284 841 789 883">
    <p class='ocr_par' dir='ltr' id='par_1_9' title="bbox 284 841 789 883">
     <span class='ocr_line' id='line_1_13' title="bbox 284 841 789 883; baseline 0.004 -11"><span class='ocrx_word' id='word_1_35' title='bbox 284 842 368 880; x_wconf 87' lang='lat' dir='ltr'>quod</span> <span class='ocrx_word' id='word_1_36' title='bbox 387 844 454 873; x_wconf 88' lang='lat' dir='ltr'>erat</span> <span class='ocrx_word' id='word_1_37' title='bbox 468 841 530 873; x_wconf 82' lang='lat' dir='ltr'>sibi</span> <span class='ocrx_word' id='word_1_38' title='bbox 542 842 645 883; x_wconf 84' lang='lat' dir='ltr'>gratia</span> <span class='ocrx_word' id='word_1_39' title='bbox 657 849 789 874; x_wconf 88' lang='lat' dir='ltr'>morum.</span> 
     </span>
    </p>
   </div>
   <div class='ocr_carea' id='block_1_10' title="bbox 180 898 557 932">
    <p class='ocr_par' dir='ltr' id='par_1_10' title="bbox 180 898 557 932">
     <span class='ocr_line' id='line_1_14' title="bbox 180 898 557 932; baseline -0.008 0"><span class='ocrx_word' id='word_1_40' title='bbox 180 901 211 932; x_wconf 86' lang='lat'>2.</span> <span class='ocrx_word' id='word_1_41' title='bbox 238 898 374 930; x_wconf 88' lang='lat' dir='ltr'>Adiuvit</span> <span class='ocrx_word' id='word_1_42' title='bbox 396 898 557 930; x_wconf 88' lang='lat' dir='ltr'>Breowam</span> 
     </span>
    </p>
   </div>
   <div class='ocr_carea' id='block_1_11' title="bbox 284 944 770 986">
    <p class='ocr_par' dir='ltr' id='par_1_11' title="bbox 284 944 770 986">
     <span class='ocr_line' id='line_1_15' title="bbox 284 944 770 986; baseline -0.002 -10"><span class='ocrx_word' id='word_1_43' title='bbox 284 944 438 977; x_wconf 86' lang='lat' dir='ltr'>Dominus</span> <span class='ocrx_word' id='word_1_44' title='bbox 464 945 552 977; x_wconf 87' lang='lat' dir='ltr'>vultu</span> <span class='ocrx_word' id='word_1_45' title='bbox 578 945 770 986; x_wconf 80' lang='lat' dir='ltr'>decoratam,</span> 
     </span>
    </p>
   </div>
   <div class='ocr_carea' id='block_1_12' title="bbox 239 992 633 1032">
    <p class='ocr_par' dir='ltr' id='par_1_12' title="bbox 239 992 633 1032">
     <span class='ocr_line' id='line_1_16' title="bbox 239 992 633 1032; baseline -0.003 -8"><span class='ocrx_word' id='word_1_46' title='bbox 239 992 333 1025; x_wconf 85' lang='lat' dir='ltr'>Unde</span> <span class='ocrx_word' id='word_1_47' title='bbox 354 1001 414 1024; x_wconf 90' lang='lat' dir='ltr'>nec</span> <span class='ocrx_word' id='word_1_48' title='bbox 435 993 507 1032; x_wconf 85' lang='lat' dir='ltr'>ipsa</span> <span class='ocrx_word' id='word_1_49' title='bbox 531 992 633 1024; x_wconf 85' lang='lat' dir='ltr'>Deum</span> 
     </span>
    </p>
   </div>
   <div class='ocr_carea' id='block_1_13' title="bbox 285 1039 789 1078">
    <p class='ocr_par' dir='ltr' id='par_1_13' title="bbox 285 1039 789 1078">
     <span class='ocr_line' id='line_1_17' title="bbox 285 1039 789 1078; baseline 0.002 -8"><span class='ocrx_word' id='word_1_50' title='bbox 285 1039 444 1071; x_wconf 90' lang='lat' dir='ltr'>submovit</span> <span class='ocrx_word' id='word_1_51' title='bbox 468 1042 574 1071; x_wconf 89' lang='lat' dir='ltr'>mente</span> <span class='ocrx_word' id='word_1_52' title='bbox 597 1047 789 1078; x_wconf 88' lang='lat' dir='ltr'>supremum.</span> 
     </span>
    </p>
   </div>
   <div class='ocr_carea' id='block_1_14' title="bbox 179 1096 605 1129">
    <p class='ocr_par' dir='ltr' id='par_1_14' title="bbox 179 1096 605 1129">
     <span class='ocr_line' id='line_1_18' title="bbox 179 1096 605 1129; baseline -0.005 0"><span class='ocrx_word' id='word_1_53' title='bbox 179 1098 209 1129; x_wconf 84' lang='lat'>3.</span> <span class='ocrx_word' id='word_1_54' title='bbox 235 1096 400 1128; x_wconf 78' lang='lat' dir='ltr'>Montibus</span> <span class='ocrx_word' id='word_1_55' title='bbox 430 1097 462 1127; x_wconf 90' lang='lat' dir='ltr'>in</span> <span class='ocrx_word' id='word_1_56' title='bbox 488 1096 605 1128; x_wconf 84' lang='lat' dir='ltr'>sanctis</span> 
     </span>
    </p>
   </div>
   <div class='ocr_carea' id='block_1_15' title="bbox 284 1141 789 1182">
    <p class='ocr_par' dir='ltr' id='par_1_15' title="bbox 284 1141 789 1182">
     <span class='ocr_line' id='line_1_19' title="bbox 284 1141 789 1182; baseline -0.002 -8"><span class='ocrx_word' id='word_1_57' title='bbox 284 1146 391 1175; x_wconf 80' lang='lat' dir='ltr'>manet</span> <span class='ocrx_word' id='word_1_58' title='bbox 406 1141 490 1174; x_wconf 87' lang='lat' dir='ltr'>inter</span> <span class='ocrx_word' id='word_1_59' title='bbox 508 1142 640 1175; x_wconf 78' lang='lat' dir='ltr'>Breowa</span> <span class='ocrx_word' id='word_1_60' title='bbox 655 1143 789 1182; x_wconf 84' lang='lat' dir='ltr'>puellas,</span> 
     </span>
    </p>
   </div>
   <div class='ocr_carea' id='block_1_16' title="bbox 925 222 1391 313">
    <p class='ocr_par' dir='ltr' id='par_1_16' title="bbox 925 222 1391 313">
     <span class='ocr_line' id='line_1_20' title="bbox 925 222 1271 257; baseline -0.009 -1"><span class='ocrx_word' id='word_1_61' title='bbox 925 224 1011 257; x_wconf 88' lang='lat' dir='ltr'>Civis</span> <span class='ocrx_word' id='word_1_62' title='bbox 1035 223 1119 255; x_wconf 89' lang='lat' dir='ltr'>enim</span> <span class='ocrx_word' id='word_1_63' title='bbox 1143 222 1271 255; x_wconf 87' lang='lat' dir='ltr'>Domini</span> 
     </span>
     <span class='ocr_line' id='line_1_21' title="bbox 973 271 1391 313; baseline -0.007 -10"><span class='ocrx_word' id='word_1_64' title='bbox 973 274 1083 313; x_wconf 86' lang='lat' dir='ltr'>portas</span> <span class='ocrx_word' id='word_1_65' title='bbox 1106 271 1229 304; x_wconf 85' lang='lat' dir='ltr'>invenit</span> <span class='ocrx_word' id='word_1_66' title='bbox 1253 271 1391 311; x_wconf 86' lang='lat' dir='ltr'>apertas.</span> 
     </span>
    </p>
   </div>
   <div class='ocr_carea' id='block_1_17' title="bbox 983 414 1347 447">
    <p class='ocr_par' dir='ltr' id='par_1_17' title="bbox 983 414 1347 447">
     <span class='ocr_line' id='line_1_22' title="bbox 983 414 1347 447; baseline -0.005 -1"><span class='ocrx_word' id='word_1_67' title='bbox 983 414 1031 446; x_wconf 86' lang='lat' dir='ltr'>In</span> <span class='ocrx_word' id='word_1_68' title='bbox 1057 415 1087 447; x_wconf 89' lang='lat'>3.</span> <span class='ocrx_word' id='word_1_69' title='bbox 1115 414 1347 447; x_wconf 86' lang='lat' dir='ltr'>Nocturno.</span> 
     </span>
    </p>
   </div>
   <div class='ocr_carea' id='block_1_18' title="bbox 1072 507 1270 544">
    <p class='ocr_par' dir='ltr' id='par_1_18' title="bbox 1072 507 1270 544">
     <span class='ocr_line' id='line_1_23' title="bbox 1072 507 1270 544; baseline -0.005 -9"><span class='ocrx_word' id='word_1_70' title='bbox 1072 507 1270 544; x_wconf 85' lang='lat' dir='ltr'>Antiphonae.</span> 
     </span>
    </p>
   </div>
   <div class='ocr_carea' id='block_1_19' title="bbox 867 584 1245 618">
    <p class='ocr_par' dir='ltr' id='par_1_19' title="bbox 867 584 1245 618">
     <span class='ocr_line' id='line_1_24' title="bbox 867 584 1245 618; baseline 0 -2"><span class='ocrx_word' id='word_1_71' title='bbox 867 584 897 617; x_wconf 84' lang='lat'>1.</span> <span class='ocrx_word' id='word_1_72' title='bbox 924 584 1081 618; x_wconf 83' lang='lat' dir='ltr'>Cantaba&#39;t</span> <span class='ocrx_word' id='word_1_73' title='bbox 1108 584 1245 617; x_wconf 89' lang='lat' dir='ltr'>Domino</span> 
     </span>
    </p>
   </div>
   <div class='ocr_carea' id='block_1_20' title="bbox 923 631 1477 766">
    <p class='ocr_par' dir='ltr' id='par_1_20' title="bbox 923 631 1477 766">
     <span class='ocr_line' id='line_1_25' title="bbox 970 631 1455 674; baseline -0.002 -11"><span class='ocrx_word' id='word_1_74' title='bbox 970 632 1058 673; x_wconf 90' lang='lat' dir='ltr'>virgo</span> <span class='ocrx_word' id='word_1_75' title='bbox 1082 641 1166 664; x_wconf 87' lang='lat' dir='ltr'>nova</span> <span class='ocrx_word' id='word_1_76' title='bbox 1192 631 1316 664; x_wconf 79' lang='lat' dir='ltr'>cantica</span> <span class='ocrx_word' id='word_1_77' title='bbox 1339 631 1455 674; x_wconf 85' lang='lat' dir='ltr'>laudis,</span> 
     </span>
     <span class='ocr_line' id='line_1_26' title="bbox 923 679 1271 720; baseline -0.009 -8"><span class='ocrx_word' id='word_1_78' title='bbox 923 679 1018 712; x_wconf 87' lang='lat' dir='ltr'>Cuius</span> <span class='ocrx_word' id='word_1_79' title='bbox 1044 687 1136 718; x_wconf 91' lang='lat' dir='ltr'>opem</span> <span class='ocrx_word' id='word_1_80' title='bbox 1162 679 1271 720; x_wconf 89' lang='lat' dir='ltr'>sensit,</span> 
     </span>
     <span class='ocr_line' id='line_1_27' title="bbox 969 725 1477 766; baseline 0.002 -8"><span class='ocrx_word' id='word_1_81' title='bbox 969 727 1043 758; x_wconf 90' lang='lat' dir='ltr'>dum</span> <span class='ocrx_word' id='word_1_82' title='bbox 1059 729 1198 758; x_wconf 88' lang='lat' dir='ltr'>terserat</span> <span class='ocrx_word' id='word_1_83' title='bbox 1214 735 1333 766; x_wconf 85' lang='lat' dir='ltr'>organa</span> <span class='ocrx_word' id='word_1_84' title='bbox 1342 725 1477 759; x_wconf 81' lang='lat' dir='ltr'>fraudis.</span> 
     </span>
    </p>
   </div>
   <div class='ocr_carea' id='block_1_21' title="bbox 862 792 1305 832">
    <p class='ocr_par' dir='ltr' id='par_1_21' title="bbox 862 792 1305 832">
     <span class='ocr_line' id='line_1_28' title="bbox 862 792 1305 832; baseline 0.002 -8"><span class='ocrx_word' id='word_1_85' title='bbox 862 795 891 824; x_wconf 86' lang='lat'>2.</span> <span class='ocrx_word' id='word_1_86' title='bbox 920 793 1043 832; x_wconf 86' lang='lat' dir='ltr'>Regnat</span> <span class='ocrx_word' id='word_1_87' title='bbox 1073 801 1142 824; x_wconf 88' lang='lat' dir='ltr'>cum</span> <span class='ocrx_word' id='word_1_88' title='bbox 1168 792 1305 825; x_wconf 86' lang='lat' dir='ltr'>Domino</span> 
     </span>
    </p>
   </div>
   <div class='ocr_carea' id='block_1_22' title="bbox 920 839 1471 974">
    <p class='ocr_par' dir='ltr' id='par_1_22' title="bbox 920 839 1471 974">
     <span class='ocr_line' id='line_1_29' title="bbox 966 839 1471 880; baseline -0.002 -9"><span class='ocrx_word' id='word_1_89' title='bbox 966 842 1067 871; x_wconf 88' lang='lat' dir='ltr'>mater</span> <span class='ocrx_word' id='word_1_90' title='bbox 1093 840 1226 872; x_wconf 85' lang='lat' dir='ltr'>Breowa</span> <span class='ocrx_word' id='word_1_91' title='bbox 1251 840 1283 871; x_wconf 91' lang='lat' dir='ltr'>in</span> <span class='ocrx_word' id='word_1_92' title='bbox 1309 839 1471 880; x_wconf 80' lang='lat' dir='ltr'>paradiso,</span> 
     </span>
     <span class='ocr_line' id='line_1_30' title="bbox 920 887 1147 919; baseline 0.004 -1"><span class='ocrx_word' id='word_1_93' title='bbox 920 888 1060 919; x_wconf 84' lang='lat' dir='ltr'>Illuxere</span> <span class='ocrx_word' id='word_1_94' title='bbox 1085 887 1147 919; x_wconf 88' lang='lat' dir='ltr'>sibi</span> 
     </span>
     <span class='ocr_line' id='line_1_31' title="bbox 969 933 1410 974; baseline 0.002 -9"><span class='ocrx_word' id='word_1_95' title='bbox 969 935 1043 974; x_wconf 88' lang='lat' dir='ltr'>quia</span> <span class='ocrx_word' id='word_1_96' title='bbox 1069 934 1134 966; x_wconf 86' lang='lat' dir='ltr'>divi</span> <span class='ocrx_word' id='word_1_97' title='bbox 1160 933 1287 974; x_wconf 84' lang='lat' dir='ltr'><strong>fulgura</strong></span> <span class='ocrx_word' id='word_1_98' title='bbox 1310 934 1410 967; x_wconf 88' lang='lat' dir='ltr'>verbi.</span> 
     </span>
    </p>
   </div>
   <div class='ocr_carea' id='block_1_23' title="bbox 860 1000 1248 1042">
    <p class='ocr_par' dir='ltr' id='par_1_23' title="bbox 860 1000 1248 1042">
     <span class='ocr_line' id='line_1_32' title="bbox 860 1000 1248 1042; baseline -0.005 -9"><span class='ocrx_word' id='word_1_99' title='bbox 860 1001 891 1033; x_wconf 87' lang='lat'>3.</span> <span class='ocrx_word' id='word_1_100' title='bbox 918 1000 1060 1032; x_wconf 78' lang='lat' dir='ltr'>Dextera</span> <span class='ocrx_word' id='word_1_101' title='bbox 1084 1001 1248 1042; x_wconf 86' lang='lat' dir='ltr'>salvantis,</span> 
     </span>
    </p>
   </div>
   <div class='ocr_carea' id='block_1_24' title="bbox 919 1045 1475 1181">
    <p class='ocr_par' dir='ltr' id='par_1_24' title="bbox 919 1045 1475 1181">
     <span class='ocr_line' id='line_1_33' title="bbox 967 1045 1346 1087; baseline 0 -9"><span class='ocrx_word' id='word_1_102' title='bbox 967 1055 1048 1087; x_wconf 86' lang='lat' dir='ltr'>quae</span> <span class='ocrx_word' id='word_1_103' title='bbox 1072 1047 1233 1080; x_wconf 83' lang='lat' dir='ltr'>mirabilia</span> <span class='ocrx_word' id='word_1_104' title='bbox 1258 1045 1346 1087; x_wconf 84' lang='lat' dir='ltr'>fecit,</span> 
     </span>
     <span class='ocr_line' id='line_1_34' title="bbox 919 1095 1203 1135; baseline -0.007 -8"><span class='ocrx_word' id='word_1_105' title='bbox 919 1095 1079 1134; x_wconf 84' lang='lat' dir='ltr'>Insignem</span> <span class='ocrx_word' id='word_1_106' title='bbox 1105 1095 1203 1135; x_wconf 89' lang='lat' dir='ltr'>signis</span> 
     </span>
     <span class='ocr_line' id='line_1_35' title="bbox 966 1142 1475 1181; baseline 0.004 -8"><span class='ocrx_word' id='word_1_107' title='bbox 966 1142 1130 1174; x_wconf 83' lang='lat' dir='ltr'>Breowam</span> <span class='ocrx_word' id='word_1_108' title='bbox 1146 1142 1326 1174; x_wconf 88' lang='lat' dir='ltr'>decorando</span> <span class='ocrx_word' id='word_1_109' title='bbox 1340 1142 1475 1181; x_wconf 78' lang='lat' dir='ltr'>peregit.</span> 
     </span>
    </p>
   </div>
   <div class='ocr_carea' id='block_1_25' title="bbox 164 1205 1476 1319">
    <p class='ocr_par' dir='ltr' id='par_1_25' title="bbox 164 1205 1476 1319">
     <span class='ocr_line' id='line_1_36' title="bbox 241 1205 1476 1242; baseline 0.001 -8"><span class='ocrx_word' id='word_1_110' title='bbox 241 1207 310 1235; x_wconf 85' lang='lat' dir='ltr'>Ccd.</span> <span class='ocrx_word' id='word_1_111' title='bbox 325 1208 488 1236; x_wconf 84' lang='lat' dir='ltr'>Londinen.</span> <span class='ocrx_word' id='word_1_112' title='bbox 508 1208 592 1235; x_wconf 83' lang='lat' dir='ltr'>Titus</span> <span class='ocrx_word' id='word_1_113' title='bbox 607 1208 635 1234; x_wconf 93' lang='lat' dir='ltr'><strong>D</strong></span> <span class='ocrx_word' id='word_1_114' title='bbox 649 1207 758 1235; x_wconf 82' lang='lat' dir='ltr'>XXIV.</span> <span class='ocrx_word' id='word_1_115' title='bbox 780 1205 831 1239; x_wconf 77' lang='lat' dir='ltr'>(ol.</span> <span class='ocrx_word' id='word_1_116' title='bbox 849 1206 878 1233; x_wconf 89' lang='lat' dir='ltr'>S.</span> <span class='ocrx_word' id='word_1_117' title='bbox 892 1208 1006 1234; x_wconf 85' lang='lat' dir='ltr'>Mariae</span> <span class='ocrx_word' id='word_1_118' title='bbox 1025 1207 1061 1234; x_wconf 87' lang='lat' dir='ltr'>de</span> <span class='ocrx_word' id='word_1_119' title='bbox 1073 1205 1195 1242; x_wconf 80' lang='lat' dir='ltr'>Ruford)</span> <span class='ocrx_word' id='word_1_120' title='bbox 1215 1214 1291 1234; x_wconf 83' lang='lat' dir='ltr'>saec.</span> <span class='ocrx_word' id='word_1_121' title='bbox 1305 1205 1349 1234; x_wconf 85' lang='lat'>12.</span> <span class='ocrx_word' id='word_1_122' title='bbox 1383 1207 1476 1235; x_wconf 85' lang='lat' dir='ltr'>Diese</span> 
     </span>
     <span class='ocr_line' id='line_1_37' title="bbox 164 1244 1474 1281; baseline -0.002 -8"><span class='ocrx_word' id='word_1_123' title='bbox 164 1246 353 1281; x_wconf 88' lang='lat' dir='ltr'>Antiphonen</span> <span class='ocrx_word' id='word_1_124' title='bbox 389 1245 491 1273; x_wconf 76' lang='lat' dir='ltr'>stehen</span> <span class='ocrx_word' id='word_1_125' title='bbox 521 1247 552 1273; x_wconf 88' lang='lat' dir='ltr'>in</span> <span class='ocrx_word' id='word_1_126' title='bbox 585 1246 635 1272; x_wconf 81' lang='lat' dir='ltr'>der</span> <span class='ocrx_word' id='word_1_127' title='bbox 660 1244 852 1272; x_wconf 76' lang='lat' dir='ltr'>Handschrift</span> <span class='ocrx_word' id='word_1_128' title='bbox 882 1247 938 1272; x_wconf 84' lang='lat' dir='ltr'>wie</span> <span class='ocrx_word' id='word_1_129' title='bbox 967 1246 1015 1272; x_wconf 84' lang='lat' dir='ltr'>ein</span> <span class='ocrx_word' id='word_1_130' title='bbox 1039 1244 1248 1272; x_wconf 81' lang='lat' dir='ltr'>fortlaufendes</span> <span class='ocrx_word' id='word_1_131' title='bbox 1276 1245 1400 1273; x_wconf 82' lang='lat' dir='ltr'>Gedicht</span> <span class='ocrx_word' id='word_1_132' title='bbox 1425 1253 1474 1281; x_wconf 85' lang='lat' dir='ltr'>ge—</span> 
     </span>
     <span class='ocr_line' id='line_1_38' title="bbox 165 1282 1475 1319; baseline 0 -8"><span class='ocrx_word' id='word_1_133' title='bbox 165 1284 331 1317; x_wconf 87' lang='lat' dir='ltr'>schrieben,</span> <span class='ocrx_word' id='word_1_134' title='bbox 364 1292 425 1311; x_wconf 82' lang='lat' dir='ltr'>was</span> <span class='ocrx_word' id='word_1_135' title='bbox 457 1284 502 1310; x_wconf 86' lang='lat' dir='ltr'>sie</span> <span class='ocrx_word' id='word_1_136' title='bbox 534 1283 610 1311; x_wconf 85' lang='lat' dir='ltr'>nach</span> <span class='ocrx_word' id='word_1_137' title='bbox 634 1283 766 1311; x_wconf 80' lang='lat' dir='ltr'>Ausweis</span> <span class='ocrx_word' id='word_1_138' title='bbox 799 1282 849 1309; x_wconf 85' lang='lat' dir='ltr'>des</span> <span class='ocrx_word' id='word_1_139' title='bbox 874 1282 988 1310; x_wconf 82' lang='lat' dir='ltr'>Inhalts</span> <span class='ocrx_word' id='word_1_140' title='bbox 1018 1282 1099 1310; x_wconf 86' lang='lat' dir='ltr'>nicht</span> <span class='ocrx_word' id='word_1_141' title='bbox 1130 1282 1206 1310; x_wconf 79' lang='lat' dir='ltr'>sind.</span> <span class='ocrx_word' id='word_1_142' title='bbox 1245 1283 1316 1310; x_wconf 85' lang='lat' dir='ltr'>Man</span> <span class='ocrx_word' id='word_1_143' title='bbox 1341 1283 1400 1319; x_wconf 85' lang='lat' dir='ltr'>vgl.</span> <span class='ocrx_word' id='word_1_144' title='bbox 1428 1283 1475 1311; x_wconf 77' lang='lat' dir='ltr'>die</span> 
     </span>
    </p>
   </div>
   <div class='ocr_carea' id='block_1_26' title="bbox 164 1321 729 1357">
    <p class='ocr_par' dir='ltr' id='par_1_26' title="bbox 164 1321 729 1357">
     <span class='ocr_line' id='line_1_39' title="bbox 164 1321 729 1357; baseline -0.002 -8"><span class='ocrx_word' id='word_1_145' title='bbox 164 1322 300 1349; x_wconf 86' lang='lat' dir='ltr'>Psalmen</span> <span class='ocrx_word' id='word_1_146' title='bbox 323 1322 373 1349; x_wconf 79' lang='lat' dir='ltr'>des</span> <span class='ocrx_word' id='word_1_147' title='bbox 396 1321 552 1349; x_wconf 83' lang='lat' dir='ltr'>Commune</span> <span class='ocrx_word' id='word_1_148' title='bbox 572 1322 729 1357; x_wconf 81' lang='lat' dir='ltr'>virginum.</span> 
     </span>
    </p>
   </div>
   <div class='ocr_carea' id='block_1_27' title="bbox 590 1430 1039 1471">
    <p class='ocr_par' dir='ltr' id='par_1_27' title="bbox 590 1430 1039 1471">
     <span class='ocr_line' id='line_1_40' title="bbox 590 1430 1039 1471; baseline -0.002 -8"><span class='ocrx_word' id='word_1_149' title='bbox 590 1431 636 1463; x_wconf 88' lang='grc'>64.</span> <span class='ocrx_word' id='word_1_150' title='bbox 668 1430 711 1463; x_wconf 86' lang='lat' dir='ltr'>De</span> <span class='ocrx_word' id='word_1_151' title='bbox 732 1432 838 1463; x_wconf 84' lang='lat' dir='ltr'>sancto</span> <span class='ocrx_word' id='word_1_152' title='bbox 859 1430 1039 1471; x_wconf 83' lang='lat' dir='ltr'>Brinolpho.</span> 
     </span>
    </p>
   </div>
   <div class='ocr_carea' id='block_1_28' title="bbox 302 1502 649 1542">
    <p class='ocr_par' dir='ltr' id='par_1_28' title="bbox 302 1502 649 1542">
     <span class='ocr_line' id='line_1_41' title="bbox 302 1502 649 1542; baseline 0.003 -9"><span class='ocrx_word' id='word_1_153' title='bbox 302 1502 350 1534; x_wconf 88' lang='lat' dir='ltr'>In</span> <span class='ocrx_word' id='word_1_154' title='bbox 378 1502 406 1535; x_wconf 87' lang='lat'>1.</span> <span class='ocrx_word' id='word_1_155' title='bbox 435 1502 649 1542; x_wconf 81' lang='lat' dir='ltr'>vesperis.</span> 
     </span>
    </p>
   </div>
   <div class='ocr_carea' id='block_1_29' title="bbox 370 1576 565 1612">
    <p class='ocr_par' dir='ltr' id='par_1_29' title="bbox 370 1576 565 1612">
     <span class='ocr_line' id='line_1_42' title="bbox 370 1576 565 1612; baseline 0.005 -9"><span class='ocrx_word' id='word_1_156' title='bbox 370 1576 565 1612; x_wconf 82' lang='lat' dir='ltr'>Antiphonae.</span> 
     </span>
    </p>
   </div>
   <div class='ocr_carea' id='block_1_30' title="bbox 172 1634 717 1816">
    <p class='ocr_par' dir='ltr' id='par_1_30' title="bbox 172 1634 717 1816">
     <span class='ocr_line' id='line_1_43' title="bbox 172 1634 663 1675; baseline -0.002 -7"><span class='ocrx_word' id='word_1_157' title='bbox 172 1634 203 1668; x_wconf 79' lang='lat'>1.</span> <span class='ocrx_word' id='word_1_158' title='bbox 231 1634 399 1675; x_wconf 88' lang='lat' dir='ltr'>Brinolphi</span> <span class='ocrx_word' id='word_1_159' title='bbox 423 1634 524 1674; x_wconf 84' lang='lat' dir='ltr'>patris</span> <span class='ocrx_word' id='word_1_160' title='bbox 549 1636 663 1667; x_wconf 87' lang='lat' dir='ltr'>merita</span> 
     </span>
     <span class='ocr_line' id='line_1_44' title="bbox 277 1681 717 1728; baseline 0.005 -15"><span class='ocrx_word' id='word_1_161' title='bbox 277 1681 454 1714; x_wconf 87' lang='lat' dir='ltr'>Laudando</span> <span class='ocrx_word' id='word_1_162' title='bbox 481 1691 717 1728; x_wconf 81' lang='lat' dir='ltr'>prosequamur,</span> 
     </span>
     <span class='ocr_line' id='line_1_45' title="bbox 226 1728 624 1762; baseline 0.003 -2"><span class='ocrx_word' id='word_1_163' title='bbox 226 1728 277 1760; x_wconf 91' lang='lat' dir='ltr'>De</span> <span class='ocrx_word' id='word_1_164' title='bbox 307 1730 375 1761; x_wconf 88' lang='lat' dir='ltr'>vita</span> <span class='ocrx_word' id='word_1_165' title='bbox 401 1730 488 1760; x_wconf 86' lang='lat' dir='ltr'>cuius</span> <span class='ocrx_word' id='word_1_166' title='bbox 512 1730 624 1762; x_wconf 87' lang='lat' dir='ltr'>inclita</span> 
     </span>
     <span class='ocr_line' id='line_1_46' title="bbox 278 1775 667 1816; baseline 0.005 -8"><span class='ocrx_word' id='word_1_167' title='bbox 278 1775 437 1808; x_wconf 86' lang='lat' dir='ltr'>Sectanda</span> <span class='ocrx_word' id='word_1_168' title='bbox 462 1778 667 1816; x_wconf 83' lang='lat' dir='ltr'>gratulamur.</span> 
     </span>
    </p>
   </div>
   <div class='ocr_carea' id='block_1_31' title="bbox 171 1842 710 1935">
    <p class='ocr_par' dir='ltr' id='par_1_31' title="bbox 171 1842 710 1935">
     <span class='ocr_line' id='line_1_47' title="bbox 171 1842 622 1882; baseline -0.002 -7"><span class='ocrx_word' id='word_1_169' title='bbox 171 1844 202 1875; x_wconf 87' lang='lat'>2.</span> <span class='ocrx_word' id='word_1_170' title='bbox 230 1842 280 1874; x_wconf 89' lang='lat' dir='ltr'>Ab</span> <span class='ocrx_word' id='word_1_171' title='bbox 312 1842 470 1874; x_wconf 89' lang='lat' dir='ltr'>universis</span> <span class='ocrx_word' id='word_1_172' title='bbox 495 1843 622 1882; x_wconf 87' lang='lat' dir='ltr'>populis</span> 
     </span>
     <span class='ocr_line' id='line_1_48' title="bbox 273 1889 710 1935; baseline 0.002 -14"><span class='ocrx_word' id='word_1_173' title='bbox 273 1889 343 1921; x_wconf 76' lang='lat' dir='ltr'>Rex</span> <span class='ocrx_word' id='word_1_174' title='bbox 368 1898 476 1929; x_wconf 88' lang='lat' dir='ltr'>regum</span> <span class='ocrx_word' id='word_1_175' title='bbox 504 1891 710 1935; x_wconf 81' lang='lat' dir='ltr'>collaudetur,</span> 
     </span>
    </p>
   </div>
   <div class='ocr_carea' id='block_1_32' title="bbox 227 1938 780 1978">
    <p class='ocr_par' dir='ltr' id='par_1_32' title="bbox 227 1938 780 1978">
     <span class='ocr_line' id='line_1_49' title="bbox 227 1938 780 1978; baseline 0.005 -10"><span class='ocrx_word' id='word_1_176' title='bbox 227 1938 325 1977; x_wconf 76' lang='lat' dir='ltr'>Quem</span> <span class='ocrx_word' id='word_1_177' title='bbox 351 1946 429 1978; x_wconf 76' lang='lat' dir='ltr'>grex</span> <span class='ocrx_word' id='word_1_178' title='bbox 446 1938 604 1976; x_wconf 81' lang='lat' dir='ltr'>praeclari</span> <span class='ocrx_word' id='word_1_179' title='bbox 622 1939 780 1978; x_wconf 82' lang='lat' dir='ltr'>praesulis</span> 
     </span>
    </p>
   </div>
   <div class='ocr_carea' id='block_1_33' title="bbox 270 1983 595 2017">
    <p class='ocr_par' dir='ltr' id='par_1_33' title="bbox 270 1983 595 2017">
     <span class='ocr_line' id='line_1_50' title="bbox 270 1983 595 2017; baseline 0.003 -1"><span class='ocrx_word' id='word_1_180' title='bbox 270 1984 395 2017; x_wconf 83' lang='lat' dir='ltr'>Devote</span> <span class='ocrx_word' id='word_1_181' title='bbox 420 1983 595 2017; x_wconf 88' lang='lat' dir='ltr'>confitetur.</span> 
     </span>
    </p>
   </div>
   <div class='ocr_carea' id='block_1_34' title="bbox 170 2051 701 2229">
    <p class='ocr_par' dir='ltr' id='par_1_34' title="bbox 170 2051 685 2092">
     <span class='ocr_line' id='line_1_51' title="bbox 170 2051 685 2092; baseline -0.002 -8"><span class='ocrx_word' id='word_1_182' title='bbox 170 2053 200 2086; x_wconf 85' lang='lat'>3.</span> <span class='ocrx_word' id='word_1_183' title='bbox 228 2052 323 2084; x_wconf 83' lang='lat' dir='ltr'>Ortus</span> <span class='ocrx_word' id='word_1_184' title='bbox 351 2051 519 2092; x_wconf 83' lang='lat' dir='ltr'>praeclaro</span> <span class='ocrx_word' id='word_1_185' title='bbox 545 2052 685 2092; x_wconf 86' lang='lat' dir='ltr'>germine</span> 
     </span>
    </p>

    <p class='ocr_par' dir='ltr' id='par_1_35' title="bbox 272 2099 701 2141">
     <span class='ocr_line' id='line_1_52' title="bbox 272 2099 701 2141; baseline 0 -11"><span class='ocrx_word' id='word_1_186' title='bbox 272 2099 339 2130; x_wconf 86' lang='lat' dir='ltr'>Iam</span> <span class='ocrx_word' id='word_1_187' title='bbox 366 2099 485 2130; x_wconf 87' lang='lat' dir='ltr'>scholis</span> <span class='ocrx_word' id='word_1_188' title='bbox 512 2099 701 2141; x_wconf 81' lang='lat' dir='ltr'>applicatur,</span> 
     </span>
    </p>

    <p class='ocr_par' dir='ltr' id='par_1_36' title="bbox 223 2146 698 2229">
     <span class='ocr_line' id='line_1_53' title="bbox 223 2146 698 2186; baseline -0.002 -7"><span class='ocrx_word' id='word_1_189' title='bbox 223 2147 410 2186; x_wconf 85' lang='lat' dir='ltr'>Scripturae</span> <span class='ocrx_word' id='word_1_190' title='bbox 435 2154 545 2179; x_wconf 86' lang='lat' dir='ltr'>sacrae</span> <span class='ocrx_word' id='word_1_191' title='bbox 569 2146 698 2179; x_wconf 86' lang='lat' dir='ltr'>flumine</span> 
     </span>
     <span class='ocr_line' id='line_1_54' title="bbox 271 2194 633 2229; baseline 0.008 -4"><span class='ocrx_word' id='word_1_192' title='bbox 271 2195 403 2226; x_wconf 88' lang='lat' dir='ltr'>Potatus</span> <span class='ocrx_word' id='word_1_193' title='bbox 427 2194 633 2229; x_wconf 81' lang='lat' dir='ltr'>incrassatur.</span> 
     </span>
    </p>
   </div>
   <div class='ocr_carea' id='block_1_35' title="bbox 164 2260 733 2449">
    <p class='ocr_par' dir='ltr' id='par_1_37' title="bbox 164 2260 661 2301">
     <span class='ocr_line' id='line_1_55' title="bbox 164 2260 661 2301; baseline -0.002 -7"><span class='ocrx_word' id='word_1_194' title='bbox 164 2263 196 2294; x_wconf 79' lang='lat'>4.</span> <span class='ocrx_word' id='word_1_195' title='bbox 221 2260 284 2292; x_wconf 89' lang='lat' dir='ltr'>Hic</span> <span class='ocrx_word' id='word_1_196' title='bbox 308 2270 397 2301; x_wconf 84' lang='lat' dir='ltr'>puer,</span> <span class='ocrx_word' id='word_1_197' title='bbox 424 2270 523 2301; x_wconf 90' lang='lat' dir='ltr'>purus</span> <span class='ocrx_word' id='word_1_198' title='bbox 546 2262 661 2301; x_wconf 84' lang='lat' dir='ltr'>animo,</span> 
     </span>
    </p>

    <p class='ocr_par' dir='ltr' id='par_1_38' title="bbox 268 2308 643 2349">
     <span class='ocr_line' id='line_1_56' title="bbox 268 2308 643 2349; baseline 0.003 -9"><span class='ocrx_word' id='word_1_199' title='bbox 268 2309 447 2341; x_wconf 81' lang='lat' dir='ltr'>Virtutibus</span> <span class='ocrx_word' id='word_1_200' title='bbox 471 2308 643 2349; x_wconf 82' lang='lat' dir='ltr'>perfectus,</span> 
     </span>
    </p>

    <p class='ocr_par' dir='ltr' id='par_1_39' title="bbox 222 2356 733 2449">
     <span class='ocr_line' id='line_1_57' title="bbox 222 2356 639 2395; baseline 0.005 -8"><span class='ocrx_word' id='word_1_201' title='bbox 222 2356 333 2395; x_wconf 84' lang='lat' dir='ltr'>Coepit</span> <span class='ocrx_word' id='word_1_202' title='bbox 357 2357 479 2389; x_wconf 88' lang='lat' dir='ltr'>servire</span> <span class='ocrx_word' id='word_1_203' title='bbox 504 2357 639 2390; x_wconf 90' lang='lat' dir='ltr'>Domino</span> 
     </span>
     <span class='ocr_line' id='line_1_58' title="bbox 267 2404 733 2449; baseline 0.006 -13"><span class='ocrx_word' id='word_1_204' title='bbox 267 2404 418 2445; x_wconf 80' lang='lat' dir='ltr'>Pudicus,</span> <span class='ocrx_word' id='word_1_205' title='bbox 443 2404 588 2449; x_wconf 79' lang='lat' dir='ltr'>simplex,</span> <span class='ocrx_word' id='word_1_206' title='bbox 615 2408 733 2439; x_wconf 83' lang='lat' dir='ltr'>rectus,</span> 
     </span>
    </p>
   </div>
   <div class='ocr_carea' id='block_1_36' title="bbox 858 1500 1316 1542">
    <p class='ocr_par' dir='ltr' id='par_1_40' title="bbox 858 1500 1316 1542">
     <span class='ocr_line' id='line_1_59' title="bbox 858 1500 1316 1542; baseline 0 -8"><span class='ocrx_word' id='word_1_207' title='bbox 858 1503 888 1534; x_wconf 85' lang='lat'>5.</span> <span class='ocrx_word' id='word_1_208' title='bbox 916 1502 1036 1541; x_wconf 87' lang='lat' dir='ltr'>Gaude,</span> <span class='ocrx_word' id='word_1_209' title='bbox 1063 1500 1142 1533; x_wconf 82' lang='lat' dir='ltr'>felix</span> <span class='ocrx_word' id='word_1_210' title='bbox 1166 1501 1316 1542; x_wconf 86' lang='lat' dir='ltr'>Vesgotia</span> 
     </span>
    </p>
   </div>
   <div class='ocr_carea' id='block_1_37' title="bbox 911 1549 1366 1683">
    <p class='ocr_par' dir='ltr' id='par_1_41' title="bbox 911 1549 1366 1683">
     <span class='ocr_line' id='line_1_60' title="bbox 960 1549 1366 1592; baseline 0.002 -12"><span class='ocrx_word' id='word_1_211' title='bbox 960 1549 1138 1581; x_wconf 79' lang='lat' dir='ltr'>Laudando</span> <span class='ocrx_word' id='word_1_212' title='bbox 1163 1549 1366 1592; x_wconf 79' lang='lat' dir='ltr'>salvatorem,</span> 
     </span>
     <span class='ocr_line' id='line_1_61' title="bbox 911 1596 1302 1636; baseline 0.003 -9"><span class='ocrx_word' id='word_1_213' title='bbox 911 1596 970 1636; x_wconf 79' lang='lat' dir='ltr'>Qui</span> <span class='ocrx_word' id='word_1_214' title='bbox 994 1596 1092 1628; x_wconf 86' lang='lat' dir='ltr'>talem</span> <span class='ocrx_word' id='word_1_215' title='bbox 1117 1606 1174 1628; x_wconf 88' lang='lat' dir='ltr'>sua</span> <span class='ocrx_word' id='word_1_216' title='bbox 1199 1598 1302 1636; x_wconf 84' lang='lat' dir='ltr'>gratia</span> 
     </span>
     <span class='ocr_line' id='line_1_62' title="bbox 960 1643 1345 1683; baseline 0.008 -8"><span class='ocrx_word' id='word_1_217' title='bbox 960 1643 1034 1675; x_wconf 87' lang='lat' dir='ltr'>Tibi</span> <span class='ocrx_word' id='word_1_218' title='bbox 1060 1644 1150 1677; x_wconf 81' lang='lat' dir='ltr'>dedit</span> <span class='ocrx_word' id='word_1_219' title='bbox 1173 1646 1345 1683; x_wconf 86' lang='lat' dir='ltr'>pastorem.</span> 
     </span>
    </p>
   </div>
   <div class='ocr_carea' id='block_1_38' title="bbox 1028 1727 1273 1765">
    <p class='ocr_par' dir='ltr' id='par_1_42' title="bbox 1028 1727 1273 1765">
     <span class='ocr_line' id='line_1_63' title="bbox 1028 1727 1273 1765; baseline 0.004 -11"><span class='ocrx_word' id='word_1_220' title='bbox 1028 1727 1074 1754; x_wconf 80' lang='lat' dir='ltr'>Ad</span> <span class='ocrx_word' id='word_1_221' title='bbox 1092 1727 1273 1765; x_wconf 80' lang='lat' dir='ltr'>Magnificat.</span> 
     </span>
    </p>
   </div>
   <div class='ocr_carea' id='block_1_39' title="bbox 844 1785 1245 1827">
    <p class='ocr_par' dir='ltr' id='par_1_43' title="bbox 844 1785 1245 1827">
     <span class='ocr_line' id='line_1_64' title="bbox 844 1785 1245 1827; baseline 0 -10"><span class='ocrx_word' id='word_1_222' title='bbox 844 1786 884 1817; x_wconf 91' lang='lat' dir='ltr'>A.</span> <span class='ocrx_word' id='word_1_223' title='bbox 916 1785 941 1818; x_wconf 92' lang='lat' dir='ltr'>O</span> <span class='ocrx_word' id='word_1_224' title='bbox 967 1787 1095 1825; x_wconf 84' lang='lat' dir='ltr'>praesul</span> <span class='ocrx_word' id='word_1_225' title='bbox 1121 1786 1245 1827; x_wconf 84' lang='lat' dir='ltr'>eximie,</span> 
     </span>
    </p>
   </div>
   <div class='ocr_carea' id='block_1_40' title="bbox 905 1833 1375 2446">
    <p class='ocr_par' dir='ltr' id='par_1_44' title="bbox 905 1833 1375 2446">
     <span class='ocr_line' id='line_1_65' title="bbox 961 1833 1208 1871; baseline 0.008 -8"><span class='ocrx_word' id='word_1_226' title='bbox 961 1833 1041 1864; x_wconf 88' lang='lat' dir='ltr'>nihil</span> <span class='ocrx_word' id='word_1_227' title='bbox 1066 1834 1208 1871; x_wconf 84' lang='lat' dir='ltr'>omisisti,</span> 
     </span>
     <span class='ocr_line' id='line_1_66' title="bbox 909 1880 1375 1919; baseline 0.009 -8"><span class='ocrx_word' id='word_1_228' title='bbox 909 1880 1000 1919; x_wconf 76' lang='lat' dir='ltr'>Quod</span> <span class='ocrx_word' id='word_1_229' title='bbox 1025 1880 1067 1911; x_wconf 87' lang='lat' dir='ltr'>ad</span> <span class='ocrx_word' id='word_1_230' title='bbox 1092 1881 1219 1913; x_wconf 87' lang='lat' dir='ltr'>laudem</span> <span class='ocrx_word' id='word_1_231' title='bbox 1246 1882 1375 1915; x_wconf 88' lang='lat' dir='ltr'>cederet</span> 
     </span>
     <span class='ocr_line' id='line_1_67' title="bbox 956 1927 1326 1969; baseline 0.008 -11"><span class='ocrx_word' id='word_1_232' title='bbox 956 1927 1068 1959; x_wconf 77' lang='lat' dir='ltr'>matris</span> <span class='ocrx_word' id='word_1_233' title='bbox 1091 1928 1164 1960; x_wconf 85' lang='lat' dir='ltr'>Iesu</span> <span class='ocrx_word' id='word_1_234' title='bbox 1190 1929 1326 1969; x_wconf 78' lang='lat' dir='ltr'>Christi3</span> 
     </span>
     <span class='ocr_line' id='line_1_68' title="bbox 909 1975 1304 2014; baseline 0.003 -7"><span class='ocrx_word' id='word_1_235' title='bbox 909 1975 959 2007; x_wconf 88' lang='lat' dir='ltr'>Tu</span> <span class='ocrx_word' id='word_1_236' title='bbox 983 1975 1162 2014; x_wconf 82' lang='lat' dir='ltr'>scripturae</span> <span class='ocrx_word' id='word_1_237' title='bbox 1186 1978 1304 2008; x_wconf 87' lang='lat' dir='ltr'>veteris</span> 
     </span>
     <span class='ocr_line' id='line_1_69' title="bbox 957 2023 1242 2063; baseline 0 -9"><span class='ocrx_word' id='word_1_238' title='bbox 957 2023 1053 2054; x_wconf 80' lang='lat' dir='ltr'>mella</span> <span class='ocrx_word' id='word_1_239' title='bbox 1076 2023 1242 2063; x_wconf 85' lang='lat' dir='ltr'>collegisti,</span> 
     </span>
     <span class='ocr_line' id='line_1_70' title="bbox 911 2071 1256 2103; baseline 0.003 -1"><span class='ocrx_word' id='word_1_240' title='bbox 911 2071 1073 2103; x_wconf 83' lang='lat' dir='ltr'>Texturae</span> <span class='ocrx_word' id='word_1_241' title='bbox 1099 2071 1256 2103; x_wconf 82' lang='lat' dir='ltr'>mirabilis</span> 
     </span>
     <span class='ocr_line' id='line_1_71' title="bbox 956 2118 1269 2159; baseline 0 -9"><span class='ocrx_word' id='word_1_242' title='bbox 956 2118 1084 2150; x_wconf 86' lang='lat' dir='ltr'>modum</span> <span class='ocrx_word' id='word_1_243' title='bbox 1109 2118 1269 2159; x_wconf 82' lang='lat' dir='ltr'>invenisti,</span> 
     </span>
     <span class='ocr_line' id='line_1_72' title="bbox 908 2167 1337 2199; baseline 0 0"><span class='ocrx_word' id='word_1_244' title='bbox 908 2167 1028 2199; x_wconf 88' lang='lat' dir='ltr'>Prosae</span> <span class='ocrx_word' id='word_1_245' title='bbox 1053 2174 1180 2199; x_wconf 86' lang='lat' dir='ltr'>carmen</span> <span class='ocrx_word' id='word_1_246' title='bbox 1206 2176 1337 2199; x_wconf 85' lang='lat' dir='ltr'>aureum</span> 
     </span>
     <span class='ocr_line' id='line_1_73' title="bbox 956 2211 1229 2246; baseline 0.004 -1"><span class='ocrx_word' id='word_1_247' title='bbox 956 2211 1030 2246; x_wconf 86' lang='lat' dir='ltr'>dum</span> <span class='ocrx_word' id='word_1_248' title='bbox 1054 2213 1229 2246; x_wconf 82' lang='lat' dir='ltr'>intexuisti.</span> 
     </span>
     <span class='ocr_line' id='line_1_74' title="bbox 907 2261 1267 2294; baseline 0 -1"><span class='ocrx_word' id='word_1_249' title='bbox 907 2262 960 2294; x_wconf 80' lang='lat' dir='ltr'>Ad</span> <span class='ocrx_word' id='word_1_250' title='bbox 985 2261 1126 2294; x_wconf 85' lang='lat' dir='ltr'>tribunal</span> <span class='ocrx_word' id='word_1_251' title='bbox 1150 2262 1267 2294; x_wconf 89' lang='lat' dir='ltr'>iudicis</span> 
     </span>
     <span class='ocr_line' id='line_1_75' title="bbox 954 2309 1262 2342; baseline 0 -1"><span class='ocrx_word' id='word_1_252' title='bbox 954 2318 1012 2341; x_wconf 86' lang='lat' dir='ltr'>nos</span> <span class='ocrx_word' id='word_1_253' title='bbox 1036 2318 1165 2342; x_wconf 82' lang='lat' dir='ltr'>securos</span> <span class='ocrx_word' id='word_1_254' title='bbox 1191 2309 1262 2342; x_wconf 85' lang='lat' dir='ltr'>sisti</span> 
     </span>
     <span class='ocr_line' id='line_1_76' title="bbox 905 2358 1360 2399; baseline 0 -9"><span class='ocrx_word' id='word_1_255' title='bbox 905 2359 983 2398; x_wconf 79' lang='lat' dir='ltr'>Fac,</span> <span class='ocrx_word' id='word_1_256' title='bbox 1014 2366 1161 2397; x_wconf 89' lang='lat' dir='ltr'>rogamus</span> <span class='ocrx_word' id='word_1_257' title='bbox 1186 2358 1360 2399; x_wconf 85' lang='lat' dir='ltr'>supplices,</span> 
     </span>
     <span class='ocr_line' id='line_1_77' title="bbox 953 2405 1285 2446; baseline 0.003 -9"><span class='ocrx_word' id='word_1_258' title='bbox 953 2406 997 2438; x_wconf 90' lang='lat' dir='ltr'>sis</span> <span class='ocrx_word' id='word_1_259' title='bbox 1024 2406 1098 2446; x_wconf 83' lang='lat' dir='ltr'>dux,</span> <span class='ocrx_word' id='word_1_260' title='bbox 1125 2409 1161 2438; x_wconf 89' lang='lat' dir='ltr'>ut</span> <span class='ocrx_word' id='word_1_261' title='bbox 1185 2405 1285 2439; x_wconf 81' lang='lat' dir='ltr'>fuisti.</span> 
     </span>
    </p>
   </div>
  </div>
 </body>
</html>
