1653 2567
686 124 920 160 -39ff

220 214 306 243 Brev.
341 217 664 248 ms.Praedicat01um
695 229 771 248 saec
811 218 855 248 14.
905 219 973 248 Cod.
1000 220 1169 248 olomucen.
1197 220 1213 247 Ι
1240 220 1314 248 VIII
1340 218 1367 248 4.
1397 220 1463 249 add

140 252 341 281 saee.15.—
364 255 404 282 In
427 253 451 282 1.
473 256 567 293 Vesp
598 257 643 285 Ad
662 259 762 294 Magn.
785 256 816 291 Α,
838 256 857 286 4
876 261 1007 287 matrem.
1022 273 1059 276 —
1079 258 1123 285 In
1142 258 1248 286 Noet.
1274 257 1304 292 Α,
1326 257 1346 286 4
1365 259 1462 287 Homo

141 291 209 318 dum
229 291 321 321 fulsit.
350 307 383 311 —
411 293 454 321 In
474 294 593 322 Laud.
613 296 659 323 Ad
680 296 787 325 Bened.
809 295 841 330 Α,
861 295 881 324 4
900 297 972 325 Tam
993 297 1091 324 fruens
1111 298 1151 323 in.
1181 311 1218 316 -—
1244 296 1287 323 In
1306 294 1334 323 2.
1355 297 1463 334 Vesp.

139 329 185 357 Ad
194 329 295 365 Magn.
311 329 344 366 Α,
359 328 376 358 G
398 334 462 359 olta
477 332 628 368 Christus·
650 333 713 362 sole
727 335 809 363 fehlt.
822 350 860 355 —-
874 335 937 363 Das
951 334 1086 364 officium
1099 334 1152 362 hat
1165 343 1220 362 nur
1235 335 1301 363 eine
1314 335 1463 371 Nocturn3

140 369 173 395 in
192 368 326 396 Noeturn
353 369 414 397 und
432 371 551 398 Laudes
579 371 638 399 alle
656 372 695 400 P.
698 373 795 401 almen
824 373 878 400 sub
906 381 978 406 una;
1007 372 1059 400 das
1080 372 1225 400 Fehlende
1255 372 1291 400 de
1316 376 1463 401 communi

140 407 299 441 virginum.
339 406 438 435 Hiezu
467 408 515 436 die
535 409 579 445 H)
578 418 690 437 nmen:
723 410 825 439 Gaude
851 414 945 439 mater
973 410 1097 439 eeclesia
1121 410 1217 446 (Anal.
1238 411 1289 445 IV,
1311 410 1361 447 77)
1388 412 1462 439 und:

144 444 168 472 Ο
190 452 279 480 quam
298 445 376 473 festa
394 445 494 474 felicia
512 418 839 484 (Ana1.XX1H,123).

613 530 663 563 30.
693 531 739 562 De
761 533 873 563 saneta
893 533 990 564 Anna.

273 590 338 622 Ad
365 590 636 626 Matutinum.

348 666 568 695 1nvitatorium.

213 715 343 747 Adsunt
367 716 482 748 Annae

260 766 353 803 grata
377 763 553 804 sollemnia,

212 810 324 843 Laude
350 810 517 843 dulcisona

260 859 396 898 plaudat
419 858 563 891 ecclesia.

280 955 325 985 ln
353 954 385 987 1.
410 953 642 987 Nocturno.

352 1019 563 1055 Responsoria.

157 1068 189 1099 2.
217 1067 334 1101 Gordis
359 1076 398 1099 ao
422 1069 509 1100 vocis
534 1068 634 1100 iubilo

217 1115 396 1156 Pangamus
421 1115 533 1148 laudes
558 1116 707 1153 Domino,

212 1164 328 1195 Annae
353 1161 470 1195 festum
497 1172 565 1195 cum
590 1165 707 1203 gaudio

212 1211 366 1242 Praesens
394 1211 533 1244 celebret
560 1212 674 1244 contio,

142 1258 180 1289 V.
212 1258 346 1298 Suscipe
373 1258 507 1291 devotae

260 1306 442 1345 praeconia,
459 1305 595 1346 Christe,
612 1308 767 1340 catervae.

152 1363 185 1395 3.
213 1362 336 1395 Clausit
360 1371 416 1394 vas
441 1365 546 1402 Anna,

259 1411 375 1444 elausit
399 1411 484 1451 quod
509 1409 617 1443 fertile
642 1420 767 1456 manna,

212 1458 275 1491 Vas
299 1458 444 1491 Ioaohim
469 1458 580 1500 gignit,

259 1506 344 1545 quod
371 1506 508 1538 caelicus
533 1507 616 1547 ignis
641 1507 769 1548 inignit,

138 1553 176 1585 V.
206 1554 269 1586 Vas
295 1553 437 1586 Ioachim
462 1553 565 1594 finxit,

259 1600 388 1633 Domini
404 1602 489 1642 quod
508 1602 642 1634 dextera
653 1602 768 1642 pinxit.

276 1697 320 1729 111
348 1699 368 1729 2
407 1696 640 1731 Nocturno.

349 1774 559 1809 Responsoria.

153 1823 184 1855 2.
214 1821 324 1863 Gignit
348 1822 462 1855 humus
488 1823 613 1862 spinam

257 1870 356 1910 stirps
364 1871 463 1903 Iudae
468 1871 627 1912 germinat
632 1871 767 1914 Annam,

210 1917 311 1972 Spina
335 1919 423 1958 parit
445 1917 568 1957 florem,

255 1966 303 1998 sio
334 1967 477 2006 parturit
500 1967 597 1999 Anna
620 1966 771 2008 Mariam,

837 593 874 626 V.
910 592 954 625 Ut
979 594 1140 634 geminata
1165 594 1228 625 reis

956 641 1022 673 sint
1044 641 1224 680 patrocinia
1248 641 1349 673 nobis.

849 698 879 731 3.
906 697 1021 737 Fulget
1047 697 1102 729 lux
1128 698 1272 738 celebris,

954 754 1016 785 qua
1040 746 1154 777 transit
1179 747 1275 777 Anna
1300 750 1435 788 saerata,

908 793 1038 825 Deliciis
1065 792 1185 825 crebris

953 840 1070 872 fruitur
1097 849 1178 880 quae
1201 849 1282 880 paee
1304 842 1410 882 beata,

906 886 1022 919 Natam
1048 897 1141 927 quam
1167 891 1277 920 tenere

952 935 1066 967 laetari
1091 936 1203 967 matris
1227 936 1346 968 honore

834 983 871 1014 V.
903 983 961 1023 Qui
989 982 1114 1014 dubitat
1138 987 1267 1023 temere,

953 1033 1057 1062 cesset
1077 1031 1147 1062 laus
1173 1031 1239 1062 eius
1265 1031 1305 1062 ab
1331 1040 1395 1065 ore.

966 1126 1013 1157 In
1041 1126 1071 1157 3.
1100 1125 1330 1159 Nocturno.

1046 1190 1257 1226 Responsoria.

843 1240 876 1273 2.
903 1240 1022 1270 Auster
1049 1240 1107 1271 <lat
1129 1240 1275 1282 imbrem,

948 1291 1077 1319 ventum
1100 1288 1220 1328 repulit
1245 1288 1423 1332 glacialem,

902 1334 1051 1375 Coniugis
1078 1335 1288 1377 opprobrium

947 1382 1091 1415 Ioachim
1118 1383 1236 1415 delevit
1259 1385 1291 1415 in
1318 1393 1441 1425 aevum,

829 1430 867 1464 V.
899 1430 1017 1462 Contra
1042 1439 1132 1470 spem
1157 1431 1276 1463 sobolis

950 1478 1024 1510 dum
1055 1479 1157 1519 gignit
1181 1488 1291 1511 aroma
1315 1481 1458 1520 pudoris

842 1536 873 1568 3.
900 1534 997 1566 Plebs
1020 1535 1089 1567 sitit
1113 1535 1274 1576 Hebraea,

948 1583 1067 1622 populo
1095 1582 1151 1615 <lat
1174 1585 1291 1622 poeula
1315 1589 1417 1628 petra,

899 1630 956 1662 Bis
981 1630 1087 1670 Moysi
1112 1631 1204 1670 virga

950 1676 1118 1711 confestim
1143 1678 1251 1719 paruit
1277 1679 1352 1719 ieta,

903 1726 1090 1766 Languidus
1116 1726 1204 1759 orbis
1230 1730 1301 1767 eget

948 1782 1007 1806 nec
1017 1774 1087 1814 quis
1096 1775 1308 1808 medicamina
1314 1776 1459 1817 praebet,

833 1822 867 1855 V.
898 1821 1010 1855 Donec
1036 1825 1146 1855 ventre
1170 1823 1258 1862 piam

949 1870 1068 1902 sterilis
1094 1871 1181 1910 parit
1196 1872 1293 1903 Anna
1308 1871 1459 1912 Mariam,

902 1918 951 1950 De
977 1927 1040 1959 qua
1063 1917 1135 1951 fons
1163 1919 1273 1959 crevit,

951 1974 1012 2006 quo
1039 1975 1138 2007 genus
1162 1975 1258 1999 omne
1278 1966 1373 2000 bibit

216 2023 301 2051 Brev
323 2022 517 2052 Sleswieense
543 2026 613 2060 imp
635 2022 770 2051 Sleswiei
798 2020 881 2051 1512
907 2037 944 2041 -
973 2022 1055 2050 Alles
1075 2022 1225 2051 Fehlende
1243 2023 1412 2059 prosaisch3
1432 2025 1466 2051 in

132 2061 216 2097 jeder
236 2062 370 2090 Nectum
390 2061 442 2090 das
465 2064 542 2090 erste
564 2059 584 2088 Β
604 2061 767 2098 piosaiseh.

591 2144 631 2178 31.
664 2145 707 2177 De
724 2146 832 2177 saneto
853 2144 1020 2185 Ansgario.

275 2255 322 2289 In
351 2257 382 2290 1.
409 2257 438 2289 V
453 2256 632 2296 esperis.

328 2343 375 2371 Ad
394 2341 577 2379 Magnificat-

136 2405 177 2436 A.
209 2402 395 2438 Ludovicus
420 2402 599 2442 imperator

257 2450 378 2491 Dirigit
402 2450 608 2490 Ansgarium,

902 2205 949 2238 Ut
973 2206 1014 2237 sit
1039 2206 1131 2239 Sueis
1156 2204 1325 2246 legislator

948 2253 1077 2286 ‘Docens
1103 2252 1322 2295 evangelium3

906 2301 995 2334 Caeli
1019 2300 1144 2342 span-git
1168 2309 1208 2332 ex
1232 2301 1382 2336 thesauro

954 2348 1109 2381 Veritatis
1133 2350 1280 2391 gratiam,

903 2397 953 2430 Ex
981 2397 1147 2430 doctrinae
1170 2395 1297 2438 profert
1321 2407 1398 2431 auro

951 2445 1046 2478 Fidei
1073 2446 1293 2480 constantiam.
