1653 2567
706 99 967 136 —137-

623 191 673 223 49.
702 192 746 224 De
767 195 874 225 sancto
896 194 1052 226 Barnaba,

312 259 359 291 In
386 259 418 293 1.
447 259 665 300 Vesperis.

368 333 415 361 Ad
433 334 614 370 Magnificat.

171 389 212 422 A.
245 390 435 424 consolator
459 392 594 436 animae,

243 438 328 481 Iesu,
355 442 467 479 pastor
491 441 620 482 optime,

241 485 370 518 Meritis
391 487 571 528 Barnabae,

243 532 320 566 Filii
347 535 584 576 consolationis,

241 581 406 614 Perfunde
429 592 487 615 nos
513 585 658 617 antidoto

240 628 408 670 Supernae
430 631 600 666 unctionis,

309 735 372 768 Ad
397 735 669 771 Matutinum.

373 812 593 840 Invitatorium.

240 868 450 903 Consolemur
474 871 588 903 animis

286 918 459 950 adorantes
483 920 667 964 Dominum,

240 965 301 1005 Qui
326 966 474 1006 supernis
499 968 602 1000 sociat

287 1013 470 1047 Barnabam
496 1016 686 1054 apostolum.

298 1110 341 1142 In
372 1111 402 1143 1.
431 1110 487 1142 No
499 1106 661 1145 ct‘urn0.

382 1186 582 1222 Antiphonae.

179 1244 208 1279 1.
234 1242 402 1277 Barnabas
428 1245 592 1285 apostolus

284 1301 324 1325 ex
348 1293 437 1325 tribu
461 1292 542 1326 Levi
567 1293 699 1336 prodiit,

237 1339 335 1374 Cuius
362 1341 563 1380 praedicatio

281 1388 316 1421 in
341 1398 467 1422 omnem
493 1392 613 1422 terram
638 1390 726 1422 exiit.

164 1447 208 1478 ·2.
233 1446 351 1486 Ioseph
377 1456 397 1478 a
421 1446 611 1487 parentibus

281 1495 386 1534 primo
411 1495 603 1535 nominatus,

235 1543 313 1575 Post
337 1544 418 1575 haec
442 1542 483 1574 ab
509 1543 664 1582 apostolis

281 1591 449 1624 Barnabas
474 1593 618 1623 vocatus.

175 1649 206 1681 3.
234 1648 359 1689 Cyprus
386 1651 455 1680 erat
480 1656 606 1689 genere,

285 1705 397 1738 agrum
424 1705 516 1728 suum
544 1696 701 1738 vendidit,

935 266 1078 299 Pretium
1103 266 1256 307 apostolis

983 312 1123 346 fideliter
1146 314 1295 349 tradidit.

992 409 1039 441 In
1065 410 1097 444 2.
1123 408 1359 443 NocturnO.

1069 485 1267 522 Antiphonae.

874 539 904 572 1.
930 541 1079 574 Redeunt
1103 544 1279 575 Ierusalem

979 587 1098 623 fratres
1121 590 1264 633 visitare,

929 634 1024 667 Iubet
1046 640 1174 670 sanctus
1195 638 1327 678 spiritus

976 683 1056 716 istos
1080 693 1260 726 segregare.

897 765 904 772 .
927 740 966 772 In
992 749 1073 781 opus
1097 742 1267 775 ministerii

978 787 1012 819 hi
1041 788 1102 821 duo
1129 789 1233 833 electi,

930 836 1097 875 Paphnum
1124 839 1156 870 et
1180 837 1359 871 Seleuciam

978 885 1087 918 statim
1112 888 1186 917 sunt
1209 884 1359 926 profecti.

896 967 903 975 .
930 942 1059 982 Lystris
1085 945 1117 973 et
1140 941 1284 975 Iconium

979 989 1181 1030 Cyprumque
1205 993 1375 1032 pergentes

930 1037 1128 1070 Convertunt
1152 1038 1195 1069 ad
1220 1038 1392 1071 Dominum

978 1085 1076 1117 verbo
1102 1086 1188 1118 vitae
1212 1089 1334 1127 gentes.

999 1180 1047 1213 In
1071 1182 1103 1214 2.
1130 1181 1350 1221 Vesperis.

1044 1255 1091 1284 Ad
1109 1256 1290 1292 Magnificat.

889 1339 896 1346 .
924 1314 1168 1355 Magnifieemus
1192 1315 1375 1355 Dominum,

926 1362 987 1401 Qui
1012 1362 1237 1395 consolationis
1263 1362 1374 1403 filium,

925 1410 1109 1443 Barnabam
1133 1411 1312 1452 apostolum

926 1458 1083 1499 Dignatus
1109 1462 1158 1491 est
1182 1459 1279 1492 hodie

927 1506 1066 1538 Caelesti
1092 1507 1309 1539 consolatione

976 1553 1150 1594 Consolari,

928 1601 1023 1634 Cuius
1050 1604 1082 1634 et
1105 1611 1163 1634 nos
1189 1603 1338 1642 precibus

927 1649 1018 1682 Dono
1042 1650 1145 1682 sancti
1170 1651 1302 1690 spiritus

974 1697 1160 1731 Mereamur
1183 1700 1335 1732 recreari.

237 1774 324 1801 BreV.
351 1781 406 1800 ms.
428 1772 659 1801 Franciscanum
686 1780 764 1802 saec.
787 1771 832 1802 15.
872 1773 944 1803 Cod.
968 1774 1096 1802 Parisin.
1117 1772 1183 1803 760.
1205 1792 1243 1796 —
1263 1775 1332 1804 Alie
1357 1777 1399 1803 im
1419 1785 1486 1804 vor-

161 1812 323 1841 stehenden
344 1812 428 1839 nicht
448 1811 657 1848 aufgefiihrten
676 1812 762 1840 Teile
783 1813 833 1840 des
855 1811 1006 1841 Officiums
1027 1813 1190 1850 prosaisch.

555 1925 605 1958 50.
636 1925 679 1957 De
702 1926 810 1958 sancto
831 1926 1085 1959 Bartholomaeo.

295 2020 342 2052 In
374 2020 405 2052 1.
433 2017 656 2059 Vesperis.

351 2123 447 2160 Super
466 2123 609 2151 Psalmos.

158 2215 199 2248 A.
225 2212 290 2247 Hic
313 2211 437 2245 athleta
461 2211 525 2243 Dei

279 2261 415 2294 donatus
440 2259 539 2293 laude
562 2258 721 2301 trophaei,

230 2310 331 2350 Quem
357 2309 454 2342 docet
477 2308 556 2341 orbe
582 2307 655 2347 coli,

280 2358 395 2391 laudat
418 2357 452 2389 in
477 2365 553 2389 arce
576 2355 653 2396 poli.

1038 1996 1086 2024 Ad
1104 1995 1285 2033 Magnffieat.

852 2056 893 2090 A.
928 2055 1033 2097 Orbis,
1060 2064 1159 2088 ovans
1185 2053 1310 2096 evigila,

924 2103 1050 2135 Sanctis
1075 2102 1189 2134 insiste
1214 2102 1389 2141 plausibus,

923 2151 1070 2192 Exsulta,
1097 2149 1211 2191 gaude,
1239 2148 1340 2181 iubila

923 2199 1023 2231 Totus
1048 2199 1082 2231 in
1109 2197 1228 2231 Christi
1252 2196 1413 2242 laudibus,

926 2246 1165 2279 Bartholomaei
1189 2244 1339 2285 precibus

922 2294 1056 2327 Hostem
1083 2294 1248 2334 antiquum
1273 2294 1403 2336 ventila¹

923 2342 970 2375 Ut
994 2343 1080 2375 omni
1105 2340 1220 2374 fraude
1245 2343 1358 2375 mutila

922 2390 1069 2423 Laeteris
1094 2390 1128 2422 in
1154 2390 1359 2424 caelestibus.
