1653 2567
708 128 973 164 —119—

246 219 301 255 Sic
322 221 494 260 plectentis
520 224 655 263 suscipit
933 226 1017 258 Mihi
1040 227 1184 266 praestet
1208 225 1365 259 idolatras

294 267 395 308 gladii
420 267 558 309 flagella.
985 281 1035 304 me
1058 274 1209 305 vexantes
1236 274 1373 316 vincere,

185 324 216 358 3,
242 323 333 356 Haec
356 325 484 365 palmae
510 326 677 359 victoriam
933 320 982 351 Tu
1000 320 1063 351 scis
1082 320 1173 362 enim,
1202 320 1286 361 quod
1313 321 1372 353 sim
1396 325 1497 362 nupta

290 371 419 405 fortiter
444 372 558 412 adivit,
980 367 1038 399 tibi
1066 369 1153 399 casto
1181 375 1315 408 corpore

241 419 326 452 Dum
351 423 506 453 tortorum
531 422 676 453 stimulos
932 414 977 446 Et
1001 423 1153 447 conservo
1178 415 1238 447 tibi
1263 414 1359 447 fidem

290 466 454 500 ferventer
477 468 589 501 sitivit.
981 462 1088 502 corde,
1115 470 1179 502 ore,
1206 471 1313 502 opere.

182 524 214 558 4.
241 525 332 559 Vidit
355 526 443 558 Deus
469 534 577 566 opera,
1076 546 1122 574 Ad
1142 546 1271 575 Senam.

241 573 329 612 Quae
350 572 491 606 faciebat
514 576 636 616 tenera,

243 621 423 662 Propterea
447 621 614 654 benedixit

243 668 325 701 Eam
350 669 384 701 in
409 671 546 702 saecula.

186 727 217 759 5.
244 725 469 766 Triumphavit
493 726 590 759 hodie

286 774 433 807 Barbara
457 773 573 818 fidelis,

240 822 375 855 Iuvenes
401 825 434 853 et
457 822 609 864 virgines,

285 870 415 904 laudate
427 870 598 902 Dominum
617 871 658 903 de
684 872 790 903 caelis.

859 605 898 635 A.
933 604 1057 644 Corpus
1082 609 1258 645 sequuntur
1283 605 1409 646 aquilae

933 652 1015 684 Pulli
1040 651 1217 684 lambentes
1244 654 1440 695 sanguinem,

930 699 1072 732 Currunt
1100 702 1208 739 postes
1234 702 1492 742 conspergendo‚

930 748 972 781 Se
998 756 1112 780 cruore
1137 748 1363 788 perfundendo

931 795 1052 828 Libant
1076 797 1150 836 agni
1179 796 1400 837 dulcedinem3

929 843 982 875 Sic
1006 844 1117 884 regina
1144 845 1373 877 condemnatur

928 891 974 923 Et
996 891 1029 924 in
1055 901 1132 932 agro
1157 892 1340 924 victimatur

358 954 404 982 Ad
424 955 609 983 Benedictus.
927 938 1055 979 Martyr
1081 938 1211 980 Christi,
1237 939 1393 972 Barbara.

166 1013 206 1046 A.
238 1013 382 1046 Salutem
407 1013 563 1045 ecclesiae
1075 1023 1120 1051 Ad
1139 1025 1266 1052 Nonam.

285 1061 372 1093 Deus
397 1061 578 1101 inStfflaVst’
853 1082 894 1116 A.
926 1082 987 1114 Per
1012 1083 1174 1114 desertum
1198 1082 1374 1123 Babylonis

237 1109 356 1189 Gogm’.
379 1110 464 1149 qu⁰d
491 1112 648 1151 erexerat’
678 1158 685 1163 .
924 1129 1010 1162 Rosa
1036 1128 1154 1162 florens
1181 1131 1337 1171 aquilonis

316 1157 400 1189 Ohae
426 1157 501 1189 dum
526 1160 712 1198 prostram’
973 1177 1184 1210 Praeservata
1208 1179 1241 1210 in
1267 1178 1345 1217 acie,

235 1204 280 1237 Ec
305 1205 346 1237 de
370 1204 568 1244 Babyloniae
928 1226 970 1258 In
995 1226 1097 1258 vireto
1124 1226 1254 1258 visionis

235 1252 627 1334 Suffisssssigrssfflfehaoe
924 1274 994 1306 Iam
1020 1273 1199 1313 triumphat
1222 1273 1401 1327 Salomonis

280 1347 448 1380 Famulam
486 1356 622 1389 regnare
957 1320 1149 1386 *informata
1173 1324 1313 1375 gratiae3

259 1396 265 1402 .
450 1374 458 1391 ⁷
927 1369 1024 1409 Virgo
1049 1372 1183 1409 maztyr,
1208 1369 1286 1402 soho

234 1395 313 1450 Sine
334 1399 423 1428 metu
447 1405 504 1428 nos
531 1405 600 1428 cum
627 1398 720 1428 coetu
924 1416 992 1449 Sita
1027 1420 1124 1449 uncta
1148 1418 1217 1449 oleo

281 1443 372 1476 Smat
397 1444 591 1484 angelorum·
923 1441 1022 1496 Null'a
1046 1465 1174 1504 spirans
1198 1442 1310 1504 inopia

920 1511 1064 1544 Lascivit
1088 1512 1201 1544 messis
1226 1514 1328 1553 copia.

350 1549 375 1581 P
384 1558 401 1581 e
410 1559 427 1580 r
451 1548 483 1581 H
494 1558 511 1581 o
523 1559 540 1581 r
548 1558 568 1580 a
575 1558 602 1582 s,

374 1624 421 1652 Ad
440 1624 579 1652 Primam.
988 1636 1035 1668 In
1062 1638 1094 1668 2¹
1123 1636 1346 1677 Vesperis.

161 1683 201 1717 A.
234 1682 312 1716 Cum
339 1685 425 1715 esset
450 1683 560 1716 clausa
586 1691 714 1715 carcere

281 1731 380 1772 Virgo
405 1733 591 1772 martyrque
615 1730 761 1763 Barbara
1038 1712 1084 1741 Ad
1103 1713 1194 1749 Magn
1196 1712 1286 1740 ificat.

230 1778 416 1812 Dilacerata
443 1788 578 1819 corpore
848 1781 888 1813 A.
924 1780 995 1813 Rex
1019 1781 1053 1812 in
1079 1789 1158 1813 cena
1181 1780 1332 1822 virginali

277 1828 416 1868 Propter
439 1828 557 1860 acerba
583 1827 727 1866 verbera,
965 1828 1087 1862 Sedens
1112 1831 1207 1861 vocat
1231 1828 1427 1862 Barbaram:

230 1876 326 1909 Venit
349 1875 434 1908 hanc
456 1876 545 1908 Iesus
572 1876 677 1908 visere
918 1876 1031 1909 Laude
1055 1877 1153 1918 plena
1180 1877 1365 1917 triumphali

275 1923 364 1957 Luce
388 1924 562 1965 splendens
588 1924 725 1964 siderea,
966 1925 1101 1966 Sponsa,
1129 1925 1213 1966 veni,
1238 1926 1382 1958 lauream

227 1972 288 2011 Qut
311 1975 401 2005 tactu
425 1972 532 2005 carnis
556 1974 689 2004 tenerae
916 1973 1016 2006 Flore
1041 1981 1133 2005 rosae
1157 1973 1381 2014 sanguinatam

274 2020 408 2053 Sanavit
433 2021 499 2053 eius
523 2021 664 2054 vulnera.
916 2020 961 2053 Et
987 2021 1126 2054 candore
1152 2022 1332 2053 dealbatam

507 2107 513 2113 ι
965 2069 1087 2101 stolam
1111 2069 1249 2110 primam
1274 2069 1396 2112 accipe,

367 2106 414 2134 Ad
432 2107 574 2134 Tertiam.
916 2117 1119 2150 Adornatam
1144 2119 1177 2149 te
1204 2117 1363 2149 caelomm

154 2166 194 2199 A.
225 2165 337 2198 Virtus
362 2167 427 2209 tua,
455 2166 530 2198 Iesu
555 2164 692 2205 Christe,
916 2166 1121 2198 incessanter
1145 2166 1332 2206 angelorum

273 2222 330 2246 rex
357 2216 508 2245 aeternae
532 2213 664 2256 gloriae,
966 2213 1144 2246 concentus
1169 2212 1361 2254 magnificat,

229 2281 315 2309 Brev.
336 2288 390 2308 ms.
414 2279 444 2308 S.
464 2279 599 2308 Floriani
618 2279 663 2307 XI
683 2277 749 2307 429.
771 2287 847 2306 saec.
870 2276 914 2307 15.
935 2278 970 2306 A.
992 2293 1029 2298 -—
1051 2279 1120 2308 Cod.
1142 2278 1172 2306 S.
1193 2279 1328 2307 Floriani
1346 2280 1393 2308 XI
1412 2278 1477 2309 234.

151 2328 229 2348 saec.
252 2318 297 2347 15.
319 2319 353 2347 B.
376 2334 410 2338 —
434 2319 517 2347 BreV.
539 2327 592 2346 ms.
607 2318 797 2346 Trebonense
818 2325 893 2345 saec.
916 2316 961 2345 15.
997 2317 1066 2345 Ood.
1081 2317 1206 2353 Pragen.
1226 2318 1270 2346 VI
1290 2318 1314 2346 F
1334 2316 1379 2346 20.
1396 2319 1476 2347 O.—

151 2360 235 2387 Brev.
264 2358 465 2387 Aarhusiense
491 2357 562 2394 imp.
589 2357 755 2384 Aarhusiae
783 2353 865 2384 1519.
895 2356 932 2384 D.
961 2371 998 2375 -
1025 2356 1110 2384 BreV.
1136 2356 1380 2394 Naumburgense
1404 2359 1474 2395 imp.

149 2398 274 2434 Lipsiae
303 2394 385 2424 1510.
406 2396 443 2425 E.
465 2410 502 2415 —-
523 2397 607 2424 Brev.
628 2394 805 2423 Lubucense
831 2395 900 2431 imp.
929 2403 952 2421 s.
978 2395 997 2422 1.
1020 2397 1049 2422 et
1068 2403 1094 2422 a.
1115 2395 1147 2424 F.
1169 2410 1206 2415 —-
1226 2397 1311 2424 Brev.
1332 2396 1476 2426 Scarense

150 2439 219 2473 imp.
240 2436 455 2472 Norimbergae
478 2432 561 2462 1498.
584 2434 619 2464 Gr.
