1653 2567
593 184 636 216 19.
665 184 709 216 De
727 185 837 216 saneta
853 184 952 216 Anna.

259 248 305 280 In
332 248 361 280 1.
391 247 605 287 vesperis,

333 341 528 378 Ant-iphonae¹

155 446 162 453 .
190 420 344 459 Gaudete,
370 419 445 451 Sion
469 418 565 459 filiae,

191 467 371 499 Laudant-„es
397 475 503 506 regem
531 467 660 506 gloriae,

236 514 351 546 Matris
377 514 489 546 Annae
514 513 679 545 sollemnia

236 562 304 594 Nos
328 561 465 593 invitant
489 562 531 593 ad
556 560 681 601 gaudia.

159 653 166 659 .
192 629 317 659 Annam
342 627 409 659 vita

240 676 342 706 vitans
366 675 501 718 piacula,

190 722 295 763 Larga
319 731 439 760 manus,

237 778 324 801 mens
349 778 458 801 carens
483 769 607 800 macula

193 817 327 857 Dignam
353 816 492 848 reddunt

238 864 334 896 laude
357 872 417 902 per
440 863 576 894 saecula.

133 951 164 962 ..
189 931 301 961 Annae
325 931 390 960 tres
416 931 489 960 sunt
514 928 600 960 filiae

239 977 377 1009 Caelitus
404 976 547 1015 collatae,

192 1024 286 1056 Cuius
311 1026 384 1055 sunt
408 1021 534 1055 trifarie

239 1071 322 1110 Opes
347 1073 502 1111 erogatae.

158 1162 165 1169 .
191 1137 323 1176 Templo
348 1136 560 1168 servientibus

237 1184 287 1216 De
311 1183 406 1215 rebus
432 1183 570 1223 donavit,

192 1232 316 1263 Partem
345 1230 423 1262 dans
448 1230 651 1270 pauperibus,

241 1278 337 1310 Parte
363 1278 488 1309 domum
512 1279 611 1318 pavit.

158 1372 165 1378 .
190 1346 286 1376 Anna
309 1346 410 1375 mater
436 1352 505 1374 eum
530 1342 606 1384 filia,

243 1391 350 1423 Matre
374 1391 434 1422 Dei
459 1390 574 1430 Maria,

195 1439 320 1478 Regnat
344 1441 465 1470 metens
490 1439 523 1469 in
548 1439 662 1477 patria,

242 1486 331 1525 Quod
357 1486 439 1516 sevit
462 1485 515 1517 hic
538 1485 571 1517 in
595 1486 657 1517 via.

308 1588 354 1617 Ad
373 1587 554 1625 Magnificat-

155 1681 162 1689 .
193 1657 217 1690 O
243 1666 317 1688 rosa
339 1656 487 1699 vernalis⁷

240 1704 392 1735 virtutum
418 1704 541 1735 consita
564 1704 666 1743 malis,

194 1751 339 1791 Virginis
365 1751 498 1782 eximiae

242 1799 337 1830 radix
367 1798 491 1830 sincera
515 1796 650 1839 Mariae,

195 1846 324 1878 Plaudis
349 1845 382 1876 in
407 1845 575 1884 aethereis,

243 1902 260 1925 o
286 1892 364 1925 felix
389 1894 492 1932 Anna,
520 1893 654 1926 choreis,

260 2037 320 2068 Ad
347 2036 611 2067 Matutinum.

327 2129 543 2158 Invitatorium.

198 2208 292 2240 Diem
318 2207 433 2240 festum
459 2211 588 2239 sanotae
613 2209 726 2240 Annae

247 2256 411 2287 celebrans
435 2256 468 2287 in
494 2256 595 2295 gloria

195 2303 342 2336 Militans
368 2311 438 2334 eum
463 2303 679 2343 triumphante

243 2350 357 2382 iubilet
382 2351 525 2382 ecclesia.

937 246 983 279 In
1011 246 1040 280 1.
1068 245 1295 278 Nocturno.

1010 312 1217 346 Responsoria.

817 360 846 393 1.
874 361 968 391 Anna
992 358 1108 392 florens

921 406 1007 439 clara
1031 407 1194 447 prosapia,

873 454 966 486 quta
989 462 1102 486 nomen

920 501 1086 533 abundans
1115 503 1228 542 gratia,

875 548 1048 581 Generavit

920 596 1062 636 reginam
1088 595 1254 636 virginum,

874 643 960 681 Quae
986 646 1169 675 cunctorum

920 692 1061 730 portavit
1085 689 1267 722 Dominum.

801 737 839 769 V.
869 737 976 778 Digna
999 737 1126 777 quidem

920 785 1049 817 caelesti
1074 785 1178 825 titulo,

873 832 1007 864 Stellam
1028 832 1125 863 maris

918 879 1071 919 produxit
1100 879 1237 910 saeculo.

812 937 843 968 2.
869 935 974 975 Stirps
1003 936 1113 968 Aaron
1135 939 1247 968 sancta

920 991 988 1014 cum
1038 983 1139 1022 stirpe
1181 982 1285 1015 David
1338 983 1427 1015 dedit

1193 1032 1330 1071 Annam,

873 1076 968 1115 Quam
996 1085 1095 1117 genus
1121 1080 1153 1108 et
1176 1086 1279 1109 mores

920 1124 1141 1156 commendant
1147 1124 1294 1165 claraque
1300 1125 1407 1164 proles
1416 1136 1424 1165 3

802 1172 840 1204 V.
870 1171 998 1203 Prodiit
1023 1180 1061 1204 ex
1086 1172 1181 1203 Anna

919 1227 974 1251 vas
1007 1221 1140 1258 portans
1165 1218 1275 1251 nobile
1300 1229 1424 1254 manna.

816 1277 847 1308 3.
874 1275 930 1319 Te7
957 1273 1035 1307 felix
1062 1275 1198 1313 domina,

921 1322 1072 1355 sublimat
1095 1322 1164 1355 filia
1188 1323 1283 1364 trina,

853 1369 958 1401 Prima
982 1369 1086 1401 Deum
1113 1370 1192 1402 caeli

921 1418 1030 1458 genuit,
1056 1418 1188 1450 credens
1215 1417 1369 1459 Gabrieli,

805 1465 842 1498 V,
871 1464 935 1496 Sex
961 1465 1043 1496 aliae
1066 1468 1158 1497 natos

922 1514 1098 1552 genuerunt
1123 1512 1245 1552 hosque
1269 1512 1389 1546 beatos.

941 1608 988 1640 In
1014 1608 1043 1641 2.
1065 1606 1291 1639 Nocturno.

1009 1672 1217 1708 Responsoria.

817 1723 847 1756 1.
873 1722 969 1754 Anna
993 1723 1092 1762 nupta
1116 1721 1260 1754 Joaohim

923 1770 989 1802 Deo
1015 1768 1149 1801 servivit
1173 1770 1297 1810 sedulo,

876 1817 963 1855 Quae
986 1815 1140 1856 produxit
1164 1817 1289 1849 stellam
1315 1819 1412 1851 maris

923 1863 1125 1905 naufraganti
1149 1866 1285 1898 saeculo.

837 1937 844 1944 .
876 1912 985 1952 stirpe
1008 1911 1135 1954 nobilis,

877 1960 1004 1992 Virtute
1028 1959 1222 2001 spectabilis,

876 2006 982 2048 Larga
1011 2007 1127 2048 egenis,

878 2055 970 2087 Omni
999 2058 1090 2095 grata
1114 2055 1244 2095 populo.

844 2137 852 2144 .
879 2111 1020 2143 Oriunda
1046 2121 1085 2144 ex
1109 2111 1295 2145 Bethlehem

879 2158 1001 2191 Claram
1029 2161 1124 2192 Anna

926 2207 1017 2239 duxit
1041 2207 1193 2247 originem

877 2253 928 2286 Ex
953 2254 1017 2287 alto
1043 2263 1149 2295 regum
1177 2257 1330 2297 sanguine

879 2301 921 2333 Et
947 2311 1139 2335 summorum
1166 2305 1366 2338 sacerdotum

925 2358 1016 2382 sacro
1041 2359 1157 2392 genere
