1653 2567
706 109 964 145 -103*

174 203 195 232 R
216 204 242 240 2,
264 204 281 232 7
302 206 386 243 virgo
413 206 472 243 pia.
488 220 525 224 —
540 207 567 234 R
587 204 613 239 3,
635 204 653 235 3
673 207 736 235 Nec
756 207 792 234 ab
814 206 879 235 hoc.
896 220 933 225 -—
957 203 979 232 R
1000 204 1025 240 3,
1045 205 1065 234 4
1086 206 1129 234 Ab
1151 206 1258 233 erroris
1279 207 1311 232 in
1331 205 1440 232 divino.
1455 217 1492 222 —-

175 242 195 270 R
217 242 244 278 3,
266 241 285 271 8
305 252 377 281 gens
399 252 419 271 a
437 246 544 272 mente.
560 260 595 263 —
608 245 721 273 Diesen
743 242 788 271 RB
815 244 910 282 gehen
930 245 991 272 drei
1012 245 1119 272 andere
1139 243 1311 279 prosaische
1332 242 1441 271 noi-auf.
1460 257 1485 261 -—

171 283 213 310 In
239 280 266 310 3.
294 282 398 311 Noct.
429 282 475 310 Ad
501 281 584 310 Cant.
613 281 635 309 A
663 282 825 320 prosaisch.
851 297 888 301 —-
915 280 935 308 R
966 281 990 317 1,
1018 281 1035 309 7
1062 282 1104 310 Et
1127 282 1207 310 fehlt.
1241 298 1278 302 —-
1313 282 1355 309 In
1379 281 1492 308 Laud.

173 319 195 347 A
220 319 243 355 1,
264 319 285 347 4
303 321 444 348 radiente.
466 334 503 339 ——
524 319 548 348 A
570 318 595 355 3,
617 319 638 348 4
655 322 787 356 vicitque
807 320 934 349 iudicem
954 320 1105 349 furentem.
1123 335 1156 340 —-
1172 319 1194 347 A
1215 318 1242 354 4,
1264 317 1281 347 3
1302 320 1400 348 fehlen
1421 320 1493 347 zwei

173 359 290 394 Silben3
309 361 374 386 veri
395 359 524 396 erganzt.
545 373 583 378 ——
602 359 648 386 Ad
668 359 777 387 Bened.
798 357 830 393 Α,
853 357 889 386 11
910 361 1122 387 excussionem.
1145 373 1154 377 -
1166 373 1177 377 -
1197 358 1273 386 Ibid.
1297 355 1332 385 13
1353 357 1471 386 Christi.

602 465 649 497 36.
680 465 724 497 De
744 466 855 497 sancta
875 465 1050 507 Apollonia.

309 551 357 585 In
384 551 415 584 1.
442 552 553 591 Vesp
566 551 661 585 eris.
932 552 976 584 Et
1001 555 1056 583 tua
1081 551 1262 583 sublimatio

932 599 993 631 Est
1019 598 1111 631 nobis
1137 599 1318 640 gratulatio.

386 626 583 663 Antiphonae.

185 686 216 718 1.
243 686 346 726 Regia
372 694 409 717 ex
435 684 587 726 prosapia
1050 673 1097 701 Ad
1116 673 1298 709 Magnifieat.

241 732 418 773 Refulgens
443 732 617 772 Apollonia
861 731 901 765 A.
933 732 1014 771 Ave,
1040 731 1170 770 pietatis
1196 732 1281 765 oliva

243 781 348 814 Ovans
373 789 481 813 rerum
505 780 615 821 inopia
931 779 1013 822 Ave,
1042 779 1199 811 castitatis

243 829 370 861 Caelica
393 827 458 860 fert
482 828 653 867 stipendia,
977 827 1114 859 amatrix
1138 827 1261 866 sedula,

241 877 342 916 Quam
367 875 469 917 gignit
493 875 702 908 Alexandria.
929 875 1009 916 Ave,
1036 877 1159 914 martyr
1183 874 1398 914 triumphalis,

181 935 213 968 2.
241 933 329 972 Quae
351 941 458 965 rorem
483 941 600 972 sugens
619 933 800 972 pneumatis
929 921 1111 953 venustatis
1136 920 1299 974 mffificaea

241 980 411 1013 Subtrgxst
436 981 554 1013 Gustum
579 979 686 1019 idolis⁷
929 968 1076 1001 Lucerna
1100 970 1142 1001 ad
1167 972 1269 1001 mstar
1294 969 1478 1001 carbunculi

243 1027 396 1061 Affirmat
420 1029 509 1069 pacis
535 1026 669 1059 foedera
929 1016 1045 1048 Mundi
1068 1025 1128 1056 ΡΒΓ
1154 1017 1282 1049 climata

930 1064 1117 1104 Coruscans,
1144 1073 1268 1105 gemma
1291 1065 1442 1104 pretiosa.

927 1112 1007 1155 Ave,
1038 1121 1114 1143 rosa
1137 1113 1297 1154 puritatis,

927 1158 1045 1191 Sancta
1069 1159 1253 1200 Apollonia,

927 1206 1081 1240 Nostrum
1105 1210 1221 1240 statum
1249 1207 1418 1247 pravitatis

240 1078 278 1109 In
304 1077 372 1109 Deo
399 1075 603 1117 experienda.

182 1135 213 1166 3.
241 1133 380 1173 stupore
403 1132 492 1164 nullo
516 1134 657 1164 terretur

239 1181 309 1213 Nec
332 1179 561 1213 blandimentis
585 1179 727 1211 laeditur

284 1228 384 1262 Fides
407 1228 568 1266 inchoata,

239 1275 433 1309 Crucifixum
459 1275 627 1315 praedicat

236 1325 282 1357 Et
306 1324 420 1365 opibus
450 1324 622 1356 renuntiat.

926 1254 1058 1297 Dissipa

925 1302 990 1334 Per
1014 1306 1070 1335 tua
1094 1302 1255 1344 suffragia,

927 1350 973 1383 Ut
998 1350 1091 1382 huius
1115 1351 1202 1383 vitae

176 1381 208 1413 4.
235 1381 402 1436 Rutilabat
426 1380 510 1413 facie
925 1398 964 1431 In
990 1398 1133 1438 procefla

286 1429 428 1461 Ninnum
456 1429 583 1469 decora,
927 1445 1097 1479 Contraria

236 1476 438 1518 Largitorem
464 1476 588 1517 gratiae
926 1493 1044 1526 Salutis
1070 1494 1157 1527 bena

283 1525 566 1578 Flstgstassfiffilorp
928 1541 1064 1574 Vincere
1090 1551 1160 1573 cum
1186 1543 1290 1582 gloria

237 1573 348 1614 Prece,
374 1576 410 1605 ut
433 1572 599 1611 mtrepida
927 1589 1099 1622 Valeamus

283 1621 401 1653 Vincat
426 1620 605 1653 criminosa.
1103 1617 1110 1625 ’

177 1679 206 1711 5.
235 1678 352 1711 Mortis
378 1680 485 1719 gustat
511 1677 643 1709 calicem
993 1686 1052 1717 Ad
1079 1684 1347 1721 matutinum

282 1726 379 1767 Virgo
405 1734 569 1767 generosa,

233 1775 287 1807 Ad
314 1774 395 1807 caeli
418 1774 534 1815 migrat
560 1772 682 1814 apicem

277 1823 407 1862 Martyr
430 1822 583 1865 animosa,

234 1871 427 1912 Praepolitis
452 1869 593 1902 moribus

235 1919 338 1952 Castis
364 1920 474 1951 iuncta
498 1917 710 1958 amplexibus.

1057 1751 1277 1779 Invitatorium.

927 1800 1100 1842 Christum,
1127 1801 1226 1832 solem
1251 1800 1403 1840 iustitiae,

926 1849 1003 1884 Cum
1029 1848 1204 1889 Apollonia
1225 1848 1385 1881 intuentes

925 1897 971 1931 Ut
995 1899 1119 1930 noctem
1147 1897 1327 1928 maestitiae

516 1977 523 1983 ,
923 1946 1189 1979 Pertranseuntes

162 1977 200 2010 R·
233 1978 343 2018 surgffi
371 1978 555 2018 AP⁰H⁰¹¹¹a²
924 1994 1084 2026 Auroram
1110 1993 1235 2034 gratiae

233 2026 467 2081 OPPI'GFSPI'UOE
493 2033 591 2079 {mera
925 2041 1102 2082 Vigilantes
1128 2041 1372 2081 praestolemur,

233 2073 378 2128 SUPPIJOE
404 2081 547 2107 oramme
925 2089 1101 2123 Iubilantes
1122 2087 1272 2121 laudibus

233 2123 397 2155 Alacriter
420 2122 536 2154 alleva.
926 2138 1026 2171 Deum
1054 2137 1235 2170 adoremus·

233 2170 355 2204 Nostra
378 2173 411 2202 te
434 2169 574 2209 suspiria

284 2219 416 2253 Pulsant
440 2217 643 2260 adiutricem,
984 2232 1029 2265 In
1056 2232 1087 2267 1·
1113 2232 1351 2267 Nocturno·

231 2268 324 2309 Fuga
349 2275 493 2308 quaeque
516 2266 613 2298 noxia
1075 2299 1275 2336 Antiphonae.

279 2316 325 2349 Et
350 2315 458 2357 Stygis
482 2323 591 2355 merge
615 2314 737 2353 picem3

160 2366 199 2398 V.
232 2363 361 2399 Gaudet
385 2367 442 2399 tua
466 2362 651 2404 praesentia
868 2358 898 2392 1.
923 2358 1048 2391 Nomen
1073 2361 1161 2391 tuum
1187 2359 1377 2392 admirabile

231 2412 315 2446 Tota
339 2413 420 2445 caeli
447 2412 544 2453 curia,
925 2408 989 2441 Ore
1014 2408 1157 2449 virgineo
1181 2408 1399 2451 praedicatur,
