1653 2567
669 108 902 142 —98——

266 209 313 242 In
341 208 372 241 1.
398 207 627 239 Nocturno.

353 291 548 328 Antiphonae.

150 363 178 394 1.
207 360 231 392 O
258 362 380 400 martyr
404 358 577 398 Apollonia

210 407 285 439 Cum
312 406 546 447 magnificentia

256 455 293 487 ln
321 454 416 487 caelis
444 462 476 485 es
500 454 633 487 elevata.

152 514 182 546 2.
212 511 321 544 Sancti
346 520 437 543 soror
461 510 636 553 Laurentii,

257 559 347 599 virgo
372 559 519 600 gloriosa,

211 606 249 638 In
276 607 342 638 sole
368 604 437 637 fixit
462 606 697 637 tabernaculum

258 656 381 692 martyr
406 653 553 693 gratiosa.

151 712 181 744 3.
209 710 364 743 Innocens
389 709 533 742 manibus

257 758 364 798 Virgo,
395 757 463 789 Deo
489 758 588 798 grata,

208 805 296 844 Ignis
320 804 354 836 in
380 804 536 835 caloribus

260 852 334 884 Fuit
361 851 510 884 cruciata.

346 935 554 971 Responsoria¹

154 993 186 1025 1.
215 992 361 1025 Creatrix
386 995 416 1023 et
441 992 530 1024 cleica

258 1040 312 1071 lux
338 1042 370 1070 et
393 1040 544 1079 increata,

210 1086 356 1119 Relativo
382 1086 473 1118 radio

266 1133 523 1173 characterizata,

214 1180 343 1221 Martyr
367 1180 537 1220 Apollonia

258 1236 351 1267 quam
374 1227 441 1260 fide
463 1226 601 1259 formata

216 1274 411 1315 Recognovit
435 1275 550 1314 iugiter

264 1322 375 1360 poenis
401 1323 550 1361 lacerata,

147 1369 185 1401 V.
216 1368 316 1400 Nobis
338 1369 401 1400 iam
424 1368 572 1400 fidelibus

262 1416 305 1446 sit
328 1416 558 1457 praeconizata,

217 1463 344 1496 Cunctis
365 1463 399 1494 in
425 1463 557 1495 articulo

262 1510 435 1549 mortisque
459 1510 602 1542 clamata.

159 1569 191 1599 2.
218 1565 355 1605 Cyrinus
382 1566 503 1599 Christi
527 1567 679 1606 virginem

265 1613 413 1645 affectans
439 1614 569 1653 violare,

219 1661 315 1699 Quam
341 1661 490 1699 precibus
514 1664 544 1692 et
570 1661 671 1699 pretio

264 1708 409 1747 promisit
434 1716 469 1739 se
495 1708 582 1739 dare.

220 1754 282 1787 Sed
309 1755 396 1787 velut
419 1755 510 1794 polus
536 1755 672 1787 arcticus

263 1801 433 1834 immobilis
455 1805 600 1834 constare

219 1849 260 1881 Sc
283 1849 355 1882 fixit
378 1849 550 1889 Apollonia

264 1906 323 1936 pro
348 1896 479 1937 Deoque
505 1899 637 1940 certare,

152 1946 189 1980 V,
219 1945 258 1978 In
283 1954 343 1984 quo
369 1947 521 1984 tyrannus
545 1945 691 1984 nequiter

267 1992 410 2023 decrevit
434 1992 626 2035 conspirare,

222 2039 344 2079 Corpus
371 2040 436 2071 eius
458 2039 658 2078 praecipiens

272 2086 350 2119 Gaio
376 2087 506 2120 laniare.

162 2146 192 2178 3.
218 2143 312 2175 Felix
339 2146 371 2174 et
393 2144 529 2184 ingenua

265 2191 354 2232 virgo
380 2189 551 2235 flagellata,

219 2238 365 2271 Carceris
389 2240 547 2280 ergastulo

269 2287 323 2318 diu
347 2288 527 2328 mancipata

219 2335 270 2368 Ac
294 2334 412 2366 ibidem
436 2343 558 2376 poenae

268 2381 361 2414 famis
388 2382 549 2423 deputata,

817 300 856 333 V.

834 990 864 1021 ΕΘ

888 203 979 235 Diem
1007 205 1080 242 post
1103 201 1297 241 trigesimum

939 254 987 283 est
1010 250 1164 288 liberata3

886 298 975 330 Haec
999 296 1120 329 refecta
1147 295 1278 328 caelitus

934 346 1042 386 sicque
1064 343 1251 377 confortata,

889 392 932 425 Ut
956 393 1001 425 nil
1026 394 1206 432 appareret,

936 442 1009 480 quin
1036 440 1079 471 sit,
1102 442 1223 472 sanata.

951 563 997 594 In
1022 563 1054 595 2.
1081 561 1309 594 Nocturno.

1029 636 1225 673 Antiphonae.

859 724 865 730 ,
891 694 1060 727 Eructavit
1085 703 1140 727 cor
1166 695 1313 727 devotum

891 743 1031 775 Verbum
1056 742 1181 781 bonum,
1207 750 1268 773 non
1287 744 1439 774 remotum

936 791 967 821 A
991 789 1052 821 Dei
1076 789 1208 831 iustitia,

893 836 994 868 Huius
1019 845 1142 876 gemma
1164 836 1305 876 pretiosa

893 883 1015 923 sponso
1040 893 1095 915 suo
1121 884 1261 923 gratiosa

939 930 1033 963 Fidei
1059 932 1244 964 constantia.

893 986 977 1018 Deus
1002 990 1120 1028 noster,
1146 986 1312 1028 refugium,

893 1034 1000 1066 Virtus
1027 1037 1058 1065 et
1082 1035 1271 1067 adiutorium

937 1081 975 1113 In
999 1081 1214 1124 tribulatione,

890 1128 1035 1160 Deduxit:
1058 1128 1261 1168 Apolloniam

891 1176 945 1207 Ad
969 1175 1045 1208 fidei
1071 1177 1277 1208 constantiam

939 1224 977 1255 In
996 1224 1259 1255 concrematione.

858 1306 866 1312 .
890 1280 1111 1311 Fundamenta
1136 1279 1287 1311 montium

892 1326 992 1358 Deum
1021 1327 1301 1365 contemplantium

940 1373 1064 1405 Sanctis
1091 1375 1252 1413 deputata,

894 1421 986 1452 Nunc
1010 1424 1119 1461 regnat
1144 1421 1177 1452 in
1203 1422 1334 1454 aethera

941 1468 1055 1508 Ibique
1080 1469 1213 1500 elevata.

1034 1552 1241 1588 Responsoria.

861 1637 868 1644 .
893 1610 929 1643 In
957 1609 1100 1651 Babylon
1128 1612 1167 1642 de
1191 1610 1312 1644 Iudaea

942 1658 1004 1689 Per
1029 1659 1180 1698 capillum
1206 1658 1319 1697 capitis

990 1705 1115 1737 Danieli
1141 1705 1304 1738 ferebatur

1037 1753 1199 1793 Habacuc,

896 1799 947 1832 Ex
971 1800 1094 1832 meritis
1117 1801 1290 1840 Apollonia

896 1847 958 1880 Per
983 1848 1116 1886 capillos
1141 1857 1295 1888 suspensa

896 1894 1105 1935 Cerniturque
1128 1895 1252 1935 illaesa,

945 1942 999 1975 Sic
1024 1944 1124 1974 evasit
1149 1952 1269 1983 poenas

995 1989 1074 2022 Baal
1098 1990 1220 2025 militis.

859 2060 865 2067 .
896 2036 988 2069 Diem
1015 2035 1129 2069 festum
1157 2039 1365 2080 celebrantes,

944 2085 998 2124 qui
1023 2084 1124 2117 Deum
1151 2086 1294 2127 diligitis,

898 2131 937 2164 In
960 2132 1080 2164 honore
1102 2136 1243 2175 sanctae,

946 2180 1054 2220 sicque
1078 2181 1158 2213 salvi
1185 2181 1284 2214 critis.

866 2263 873 2269 .
899 2236 923 2268 Ο
951 2246 1045 2276 quam
1068 2237 1186 2277 probat
1209 2241 1353 2271 sanctam
1377 2240 1440 2272 Dei

945 2284 1103 2317 labiorum
1127 2286 1244 2323 sectio,

901 2331 1055 2371 Sospitati
1081 2334 1138 2365 dat
1163 2337 1195 2365 et,
1220 2342 1333 2375 aegros

951 2380 1092 2414 dentium
1122 2382 1277 2425 excussio,
