1655 2568
758 142 802 147 —
864 122 1018 158 279—

678 216 725 248 98.
755 216 798 247 De
819 217 925 248 sancto
947 217 1088 249 Erasmo.

377 285 424 317 In
453 285 481 317 1.
509 286 727 328 Vesperis.

451 368 650 405 Antiphonae.

242 436 273 468 1.
301 436 326 469 O
353 437 430 470 Sion
456 438 582 478 eximia,

347 485 556 517 Personando
581 487 711 527 plaude,

297 532 426 564 Erasmi
452 532 619 566 sollemnia

348 580 457 621 Digna
483 581 589 613 colens
614 583 720 615 laude.

240 638 273 669 2.
299 637 325 669 Ο
350 637 496 675 Erasme,
522 636 600 670 fidei

348 684 452 726 Pugil‚
479 694 538 725 per
563 689 595 717 te
621 689 731 726 gentes

298 732 487 765 Meruerunt
512 734 649 772 provehi

344 781 398 813 Ad
425 781 530 812 caelos
556 782 742 821 gaudentes.

238 838 269 870 3.
296 838 322 869 O
350 838 404 877 qui
429 837 524 877 pellis
552 838 708 870 citharam

345 885 413 917 Das
442 886 555 925 poenis
581 886 761 929 plagarum,

298 932 352 964 Sic
379 935 525 965 evertens
551 933 704 975 sisaram,

346 980 470 1013 Ducem
495 981 712 1014 tenebrarum.

237 1039 269 1071 4.
297 1037 322 1070 Ο
347 1040 472 1077 martyr
497 1041 528 1069 et
553 1038 713 1079 pontifex,

346 1086 447 1118 Obsta
471 1086 572 1118 multa
597 1096 705 1127 prece,

299 1132 350 1164 Ne
375 1133 533 1165 nos-vilis
559 1133 678 1166 artifex

346 1181 469 1222 Culpae
494 1179 599 1213 fuscet
622 1180 722 1215 faece.

238 1240 269 1272 5.
297 1239 322 1271 Ο
350 1239 448 1271 decus
475 1239 640 1280 ecclesiae,

346 1286 370 1319 O
397 1294 510 1317 norma
535 1286 675 1326 virtutis,

296 1333 368 1365 Duc
392 1342 449 1365 nos
476 1334 528 1365 via
553 1334 677 1374 gratiae

344 1382 398 1414 Ad
424 1380 496 1414 fora
520 1382 644 1415 salutis

223 1439 262 1473 R.
295 1439 392 1479 Ecce,
419 1448 565 1484 granum·
579 1439 714 1471 moritur

343 1487 465 1519 Terrae
491 1487 633 1518 clausum
658 1487 762 1527 palea,

294 1535 450 1567 Erasmus
476 1535 634 1567 occiditur

342 1581 441 1623 Regis
472 1583 600 1622 quando
626 1581 759 1623 framea,

297 1631 436 1672 Agalma
460 1630 643 1670 ingreditur

344 1678 432 1711 Mira
456 1677 582 1719 fulgens
609 1679 741 1718 trabea;

225 1726 260 1757 V.
293 1727 389 1758 Vitae
414 1725 516 1758 fretus
542 1727 635 1767 galea

294 1775 413 1807 Mortis
439 1777 562 1806 trucem
588 1773 679 1815 fugat
705 1775 817 1807 ducem

294 1822 390 1855 Fidei
416 1822 456 1854 de
486 1822 585 1855 vinea.

414 1917 459 1946 Ad
479 1918 663 1955 Magnificat.

219 1989 260 2022 A.
292 1989 317 2022 O
343 1991 447 2021 mater
472 1987 605 2020 ecclesia

293 2037 387 2070 Omni
413 2036 511 2076 digna
536 2036 650 2076 gloria,

341 2084 456 2118 Gaude
480 2083 658 2124 iubilando,

292 2133 422 2166 Erasmi
447 2132 655 2173 praeconium

288 2180 453 2214 Praesulis
480 2180 632 2212 eximium

339 2231 466 2264 Canens
498 2228 672 2269 exorando,

290 2279 394 2311 Soluti
420 2287 440 2309 a
465 2279 558 2309 reatu

291 2327 419 2359 Sanctis
447 2335 517 2357 cum
545 2324 739 2357 christicolis

291 2376 467 2416 Iungamur
493 2373 655 2406 caelicolis

291 2424 337 2457 Ut
363 2424 430 2455 eius
456 2424 601 2462 precatu.

1052 287 1113 321 Ad
1136 287 1412 319 Matutinum.

1122 372 1341 400 Invitatorium.

988 441 1169 473 Adoremus
1194 439 1376 479 Dominum,

989 489 1103 528 Deum,
1130 490 1255 527 patrem
1280 488 1445 526 luminum,

990 536 1036 569 Ut
1060 535 1221 568 salvemur
1245 535 1368 567 meritis

988 583 1117 616 Erasmi
1148 583 1312 617 antistitis.

1035 708 1084 740 In
1112 707 1142 739 1.
1169 705 1406 739 Nocturno.

1134 790 1333 827 Antiphonae.

954 888 961 894 .
989 860 1143 892 Fructum
1169 868 1225 890 suo
1251 862 1396 899 tempore

1036 908 1191 939 Erasmus
1219 906 1361 947 donavit,

989 955 1157 999 Talentum
1185 962 1255 985 cum
1280 953 1412 986 foenore

1037 1002 1170 1042 Quando
1196 1002 1386 1041 reportavit.

954 1084 961 1091 .
989 1059 1094 1097 Quare
1120 1067 1190 1089 cum
1215 1059 1341 1090 insania

1034 1107 1248 1139 Fremuerunt
1272 1108 1383 1146 gentes

986 1154 1095 1186 Verba
1119 1162 1178 1193 per
1202 1153 1311 1185 inania

1035 1202 1073 1234 In
1098 1204 1242 1233 sanctum
1268 1199 1434 1241 rigentes?

953 1283 960 1290 .
986 1258 1142 1290 Dominus
1166 1256 1318 1289 mirificat

1035 1306 1186 1338 Sanctum
1211 1314 1301 1336 suum
1328 1305 1434 1344 hodie,

988 1353 1087 1392 Quem
1111 1353 1185 1392 polo
1210 1351 1366 1384 laetificat

1034 1401 1161 1433 Laurea
1188 1409 1259 1432 cum
1285 1400 1415 1440 gloriae.

1123 1486 1252 1521 Respons
1264 1486 1335 1512 oria.

956 1571 963 1579 .
990 1545 1069 1578 Cum
1095 1554 1113 1576 a
1138 1543 1352 1587 Diocletiano,

989 1593 1191 1633 Imperatore
1215 1589 1363 1631 profano,

1038 1640 1218 1672 Damnatur
1245 1639 1391 1681 ecclesia,

988 1689 1026 1720 In
1051 1687 1118 1721 fide
1143 1687 1264 1719 Christi
1291 1689 1472 1719 constantes

988 1737 1089 1768 Idolis
1115 1744 1178 1767 non
1203 1735 1405 1767 immolantes

1037 1784 1198 1817 Sufferunt
1223 1783 1401 1823 supplicia:

950 1857 958 1865 .
988 1832 1057 1865 Deo
1088 1835 1194 1873 grates
1221 1830 1367 1863 referunt

991 1880 1166 1914 Christiani
1191 1882 1298 1911 mente
1322 1879 1392 1911 sani

985 1929 1073 1962 Tura
1099 1928 1205 1960 cordis
1230 1927 1376 1960 offerunt.

954 2012 961 2020 .
988 1986 1099 2018 Eremi
1125 1986 1255 2017 silentia

1035 2036 1066 2066 A
1092 2033 1161 2066 Deo
1183 2036 1313 2065 vocatus

986 2082 1122 2123 Expetit
1145 2081 1308 2113 industria

1035 2130 1192 2163 Erasmus
1217 2129 1341 2172 beatus,

988 2178 1054 2211 Ubi
1081 2186 1175 2210 corvo
1201 2177 1311 2217 gerulo

987 2227 1034 2260 Ut
1057 2225 1148 2259 Elias
1176 2225 1269 2265 epulo

1035 2275 1165 2316 Degens
1191 2276 1240 2305 est
1265 2272 1410 2312 cibatus3

948 2349 955 2356 .
987 2322 1112 2363 Spretis
1139 2321 1250 2353 mundi
1269 2321 1374 2353 noxiis

988 2371 1185 2412 Angelorum
1210 2369 1376 2402 beatorum

988 2419 1121 2451 Fruitur
1148 2418 1307 2458 alloquiis,
