1653 2567
179 234 217 268 V.

177 424 217 455 A.

199 1591 230 1623 2.

181 2357 220 2390 V.

698 136 955 172 —194—

249 235 327 267 Cum
345 233 388 266 sis
414 243 528 266 aurora

297 281 451 322 caelestis,
481 281 566 321 virgo
592 280 717 312 decora.

365 366 411 394 Ad
429 365 609 402 Mag-nificat.

252 423 275 455 O
302 423 438 464 benigna
463 423 581 456 Christi
607 422 698 462 cella,

249 470 336 501 Labe
362 478 482 508 carens,
509 473 539 501 et
564 469 672 509 puella

296 517 419 549 Funeta
443 517 504 549 Dei
528 517 663 556 nomine,

247 564 375 603 Martyr
398 573 490 595 saera
513 564 581 595 sine
605 564 708 604 spina,

248 611 350 650 Super
376 612 478 643 caelos
504 619 547 651 es,
574 610 744 651 Christina,

296 657 371 689 Sine
396 659 457 690 viri
480 666 617 696 vomere,

249 705 315 736 Nos
341 705 382 737 ad
407 709 439 737 te
465 706 635 737 clamantes
660 705 745 744 audi,

248 752 444 784 Assistentes
468 755 541 784 tuae
565 752 653 784 laudi

297 798 422 832 Christo
447 800 628 832 reconcilia.

314 913 375 945 Ad
400 913 664 947 Matutinum.

385 988 600 1014 Invitatorium.

249 1042 422 1076 Iubilemus
447 1044 516 1076 Deo
543 1045 631 1086 caeli,

250 1090 309 1128 Qui
334 1090 455 1124 beatam
483 1101 558 1123 suae
582 1092 651 1124 sedi

299 1137 489 1170 Christinam
513 1140 618 1171 iunxit
641 1140 770 1179 gloriae.

310 1261 359 1292 In
386 1262 416 1293 1.
442 1261 668 1295 Nocturno.

395 1335 590 1371 Antiphonae.

226 1418 232 1424 .
257 1391 348 1423 Haec
371 1392 465 1425 beata
487 1396 619 1436 martyr,
648 1393 782 1437 Christe,

303 1448 416 1472 nomen
442 1443 530 1472 tuum
554 1441 764 1480 praedicabat

257 1487 302 1518 Et
325 1486 358 1517 in
381 1488 529 1520 universo
554 1488 671 1520 mundo

303 1533 491 1567 admirabile
514 1536 675 1570 laudabat.

256 1589 345 1621 Haec
362 1594 419 1633 est,
439 1601 531 1631 quam
550 1593 630 1625 caeli
647 1596 806 1634 enarrant,

248 1637 294 1669 Et
319 1646 415 1677 opera
442 1639 507 1671 eius
531 1640 710 1681 decantant,

252 1685 369 1717 Intime
394 1687 506 1718 dilexit
531 1687 689 1719 Christum

252 1731 296 1763 Et
323 1734 466 1765 oratione
490 1733 581 1766 flexit
604 1735 709 1768 istum.

219 1812 226 1819 .
252 1788 353 1828 Super
378 1791 481 1822 caelos
506 1791 588 1822 hano
611 1792 729 1824 locavit

304 1835 469 1869 Caelorum
495 1847 552 1869 rex
577 1839 759 1881 altissimus,

253 1882 297 1914 Et
323 1892 438 1916 corona
460 1885 628 1918 adornavit

302 1930 395 1963 Illam
421 1932 557 1964 clemens
581 1933 744 1966 Dominus.

389 2017 597 2052 Responsoria.

217 2096 225 2103 .
252 2072 288 2103 In
316 2072 426 2106 diebus
450 2075 516 2107 illis

252 2119 334 2151 Erat
358 2122 513 2161 quaedam
538 2123 646 2163 puella

301 2167 351 2199 Ex
376 2178 491 2210 genere
515 2170 615 2202 nobili

253 2214 339 2257 Orta,
365 2225 458 2256 quam
482 2217 570 2250 Deus
595 2219 714 2250 amavit

253 2261 298 2293 Et
319 2262 352 2294 in
379 2265 473 2296 caelis
496 2266 674 2307 adornavit,

301 2309 437 2344 Nomine
463 2312 633 2354 christina,

254 2357 352 2397 Quam
377 2360 423 2391 sio
449 2361 562 2393 dilexit

301 2408 332 2437 et
356 2407 395 2439 ab
420 2409 505 2440 omni
529 2410 625 2442 sorde
648 2409 783 2444 reflexit.

871 235 902 265 2.
929 233 1028 272 Quam
1053 231 1170 264 locavit
1194 232 1288 270 pater
1312 237 1421 261 amens

976 279 1009 311 in
1034 278 1162 310 sublimi
1184 278 1275 317 solio,

929 327 1047 358 Volens
1073 326 1160 358 illam
1186 325 1329 357 adunare

976 374 1133 405 idolorum
1157 373 1250 412 atrio,

930 421 995 453 Sed
1019 419 1138 453 reflexa
1161 429 1220 460 per
1244 419 1404 460 baptisma

975 468 1084 500 iuncta
1108 468 1170 500 Dei
1194 466 1271 505 filio,

890 541 897 548 .
930 514 983 547 Sic
1009 516 1169 547 dominum
1196 514 1276 546 caeli

979 563 1145 602 conspexit
1168 565 1275 593 mente
1297 560 1341 593 fid
1347 560 1397 592 eli.

897 646 903 651 .
930 618 1021 650 Haec
1041 619 1074 650 in
1099 619 1213 650 turrim
1238 618 1415 657 sublevata,

932 667 1010 699 Cum
1034 666 1227 706 pedissequa
1252 666 1365 709 locata,

931 714 1076 746 Idolatra
1100 722 1253 752 spernens
1279 722 1362 744 vana

930 761 976 793 Et
1000 760 1118 792 abiecit
1141 763 1248 792 mente
1272 769 1360 802 sana,

893 835 899 842 .
931 808 1013 840 Inde
1035 807 1174 839 fremens
1199 810 1293 847 pater
1318 810 1351 838 et

980 858 1121 887 statuens
1146 856 1230 887 hane
1245 858 1320 887 ante
1336 854 1487 887 tribunal.

993 998 1038 1030 In
1064 998 1096 1029 2.
1121 996 1354 1029 Nocturno.

1077 1090 1274 1126 Antiphonae.

899 1185 906 1191 .
931 1157 1022 1189 Haec
1044 1158 1198 1189 iustitiam
1225 1158 1340 1190 dilexit

933 1204 1002 1236 Nee
1026 1205 1069 1236 ad
1094 1204 1194 1236 minas

974 1254 1130 1283 tortorum
1154 1253 1308 1293 respexit,

934 1298 999 1331 Sed
1023 1299 1065 1331 ad
1091 1298 1208 1331 Christi
1234 1300 1377 1339 gloriam.

900 1390 907 1397 .
933 1365 1031 1405 Deus,
1057 1365 1143 1397 salus
1168 1368 1200 1396 et
1223 1365 1389 1406 refugium,

935 1413 1028 1444 Hanc
1061 1413 1230 1452 suscepisti
1254 1416 1327 1454 post
1350 1414 1492 1454 exitium,

935 1460 980 1492 Ut
1003 1463 1153 1500 regnaret

981 1511 1084 1539 tecum
1109 1508 1143 1539 in
1167 1512 1368 1547 perpetuum.

903 1600 910 1606 .
934 1574 1083 1606 Fundata
1088 1583 1146 1613 sup
1151 1582 1185 1605 er
1191 1576 1328 1605 montem
1338 1577 1493 1607 sanctum.

934 1621 1093 1653 Flebilem
1115 1621 1284 1653 devincens
1307 1622 1470 1661 planctum

981 1670 1118 1709 Propter
1143 1670 1233 1709 regni
1258 1669 1415 1703 meritum.

1071 1763 1280 1799 Responsoria.

905 1855 912 1862 .
939 1830 993 1862 Ad
1017 1830 1159 1862 tribunal
1184 1831 1275 1863 iubet
1298 1833 1369 1865 sisti

937 1879 1035 1910 Pater
1060 1878 1128 1909 eius
1154 1879 1245 1911 vultu
1269 1880 1373 1912 tristi:

982 1925 1066 1956 Mihi
1092 1926 1153 1966 die,
1180 1935 1198 1957 o
1222 1925 1300 1964 filia,

938 1972 1002 2005 Cur
1025 1981 1077 2004 me
1099 1976 1220 2005 tantum
1245 1974 1387 2015 illusisti,

936 2020 1021 2052 Deos
1045 2029 1132 2052 meos
1157 2022 1310 2061 respuisti

983 2067 1029 2099 Et
1052 2077 1159 2100 eorum
1187 2070 1334 2110 culmina,

937 2115 1049 2147 Flecte
1070 2119 1207 2148 mentem
1223 2117 1286 2149 iam
1306 2118 1494 2164 dementem,

982 2162 1029 2195 Ut
1052 2172 1173 2195 mecum
1200 2165 1243 2197 sis
1266 2166 1301 2197 in
1326 2167 1438 2206 gloria.

897 2237 904 2244 ,
935 2210 1065 2250 Martyr
1089 2212 1130 2243 ad
1155 2212 1255 2246 haec:
1282 2213 1391 2246 Verba

985 2260 1040 2289 tua
1057 2262 1131 2290 sunt
1145 2260 1224 2291 mihi
1240 2262 1355 2294 mentis
1368 2265 1496 2298 acerba.

878 2321 884 2330 ⁸
903 2342 909 2348 .
936 2315 1104 2355 Tyrannus
1128 2318 1258 2349 tandem
1282 2318 1455 2362 intellexit,

937 2363 1027 2403 Quod
1053 2363 1149 2396 beata
1172 2365 1257 2397 hunc
1283 2366 1431 2408 despexit

984 2410 1029 2443 Et
1054 2412 1120 2443 eius
1146 2414 1315 2456 supplicia,
