1653 2567
689 125 949 160 —163—

237 218 338 251 Amor
364 219 463 251 cinxit
488 222 521 252 et
544 221 687 254 revinxit

284 266 324 299 In
350 270 460 301 sancto
482 269 659 310 proposito,

237 315 320 347 Tota
346 315 472 356 decens,
498 318 566 348 tota
590 326 701 349 recens

242 362 403 396 Christum
429 372 527 404 arnas,
554 364 715 397 Christum
733 366 797 398 cla-

284 457 365 490 Toto
389 458 475 490 vitae
495 421 634 493 Stadffias

203 540 210 547 .
236 514 353 547 Mundi
378 514 487 547 fruens
513 516 638 558 opibus,

236 563 315 595 Orta
341 563 381 594 de
404 563 565 596 nobilibus

282 610 442 642 Mundum
470 612 700 654 contempsisti,

238 658 357 691 Vivens
382 659 416 690 in
442 659 587 700 coniugio

235 706 293 738 Pio
319 715 442 738 morum
468 707 574 739 studio

282 754 395 794 Pergis
420 754 505 786 viam
531 755 662 789 Christi.

200 837 207 844 .
234 810 312 843 Viro
339 813 443 842 tecum
471 812 655 844 continente

234 858 366 890 Sursum
390 859 519 891 scandis
544 862 613 891 tota
636 862 744 891 mente

281 906 327 938 Et
351 915 479 939 carnem
504 906 688 947 mortificas,

233 954 344 986 Virum
369 954 463 986 doces
486 955 549 986 iter
573 958 695 988 rectum

231 1001 277 1033 Et
301 1001 456 1033 inducens
482 1002 523 1034 ad
549 1001 728 1041 perfectum

278 1049 349 1082 Deo
375 1049 516 1089 gaudens
544 1050 684 1082 dedicas.

354 1124 400 1151 Ad
419 1123 600 1160 Magnificat.

195 1208 201 1214 .
232 1181 423 1214 Ministrans
448 1182 654 1223 pauperibus,

231 1229 336 1261 Nudis
363 1231 395 1261 et
421 1229 581 1262 debilibus

280 1276 441 1310 Christum
465 1276 608 1317 induisti,

229 1325 327 1364 Quem
350 1325 492 1357 timendo
516 1324 632 1365 iugiter

227 1372 270 1404 Et
297 1373 432 1404 amando
461 1372 599 1404 dulciter

275 1419 401 1460 Sponsa
426 1420 613 1461 concupisti,

228 1468 296 1500 Iam
319 1468 392 1499 sinu
415 1468 526 1509 sponsi
548 1466 676 1508 frueris,

230 1515 330 1556 Opem
357 1515 495 1555 deposce
518 1515 654 1558 miseris,

275 1562 387 1595 Dulcis
412 1572 531 1602 sponsa
557 1562 685 1596 Christi.

302 1686 365 1718 Ad
389 1686 656 1720 Matutinum,

369 1762 586 1789 Invitatorium.

229 1820 333 1853 Deum
357 1824 483 1860 patrem
509 1828 696 1851 veneremur

278 1869 341 1901 Pro
364 1868 523 1909 Birgittae
548 1868 659 1908 gloria,

227 1917 274 1951 Ut
300 1925 369 1948 cum
398 1916 524 1949 Christo
551 1924 738 1948 coronemur

277 1965 339 1997 Per
365 1965 432 1997 eius
457 1963 617 2004 suffragia.

291 2090 339 2123 In
367 2090 397 2123 1.
426 2089 658 2122 Nocturno.

375 2165 573 2202 Antiphonae.

168 2227 199 2260 1.
226 2226 369 2261 Docetur
392 2225 482 2258 velut
505 2224 574 2257 filia

276 2274 338 2306 Per
365 2273 529 2306 Christum
544 2280 668 2315 perque
691 2271 789 2311 virgi-

560 2330 631 2353 nem

231 2371 311 2404 Cum
336 2380 399 2411 qua
424 2370 510 2403 vitae
532 2346 679 2402 deceniia

278 2418 423 2459 Sponsae
444 2420 535 2460 gerat
559 2417 739 2458 imaginem.

868 225 900 257 2.
923 225 962 257 In
987 222 1136 264 virginali
1161 222 1299 256 thalamo

974 272 1033 311 Qui
1059 280 1093 303 se
1119 279 1214 302 carne
1239 272 1427 316 praecinxit,

926 320 964 352 In
989 320 1082 351 huius
1106 327 1242 359 sponsae
1269 319 1388 351 calamo

974 367 1132 407 Mysteria
1157 366 1311 407 depinxit.

894 461 901 467 .
927 434 990 466 Dei
1013 435 1119 467 suavis
1145 433 1277 474 spiritus

974 482 1058 513 Dum
1085 481 1216 514 caelitus
1240 481 1384 525 inundat,

926 529 979 562 Ex
1005 538 1060 561 ore
1083 537 1220 570 sponsae
1245 529 1363 561 veritas

969 577 1014 609 Et
1037 577 1162 610 bonitas
1187 577 1357 611 redundat.

1063 657 1273 692 Responsoria.

892 742 899 749 .
927 716 1016 749 Haec
1039 724 1164 747 sursum
1187 717 1282 756 rapta
1307 715 1423 756 spiritu

924 764 1024 797 Videt
1044 762 1158 794 mentis
1181 763 1298 794 intuitu

974 813 1078 844 1esum
1105 818 1175 842 cum
1200 810 1318 842 sanctis
1336 813 1482 852 stantem,

924 860 984 899 Qui
1008 858 1117 891 mundi
1144 858 1248 889 scelus
1272 858 1378 899 aperit

923 907 968 939 Et
991 915 1027 938 se
1052 908 1267 946 contemptum
1292 906 1407 937 asserit

970 954 1020 986 De
1044 954 1109 985 suis
1135 953 1350 995 exsulantem3

882 1027 889 1034 .
920 1001 998 1034 Lux
1020 1001 1108 1033 venit
1130 1000 1169 1031 in
1191 1000 1363 1043 mumdum,
1389 1003 1418 1033 et
1434 1001 1482 1033 czi-

923 1049 1070 1081 leoeerunt
1093 1048 1239 1080 homines
1263 1049 1369 1089 maffl's
1396 1051 1481 1080 tene-

920 1097 995 1128 bras
1021 1105 1122 1136 quam
1148 1095 1263 1129 lucem.

889 1190 895 1195 .
921 1164 1041 1195 Astans
1065 1161 1127 1194 Dei
1150 1161 1278 1193 iudiciis

919 1210 1026 1250 Videt,
1053 1209 1178 1250 quantis
1206 1209 1374 1250 suppliciis

967 1258 1064 1297 Impii
1088 1258 1279 1298 mactantur,

921 1306 1022 1344 Quam
1049 1305 1154 1346 gravis
1181 1306 1231 1335 est
1253 1305 1411 1345 purgatio,

921 1354 1019 1393 Quam
1044 1352 1179 1385 horrens
1205 1354 1254 1383 est
1281 1352 1452 1392 damnatio,

965 1401 1140 1433 Tormenta
1164 1401 1342 1439 testantur,

877 1471 884 1478 .
920 1446 1004 1480 Cum
1041 1447 1197 1480 exarserit
1229 1447 1267 1478 ‘m
1303 1447 1390 1479 brevi
1425 1448 1481 1479 ira

919 1496 1006 1536 eius,
1033 1495 1119 1528 beati
1145 1503 1272 1536 omnes,
1299 1495 1356 1534 Qui
1381 1495 1478 1535 confi-

917 1544 1000 1575 dunt
1022 1543 1061 1575 in
1086 1552 1131 1575 eo.

885 1636 892 1643 .
915 1610 1055 1642 Ardenti
1082 1608 1241 1642 desiderio

916 1659 980 1690 Pro
1003 1658 1115 1699 populi
1139 1656 1287 1698 suffragio

966 1704 1133 1738 Peccantis
1160 1704 1235 1736 dum
1261 1704 1400 1745 anhelat,

922 1753 1022 1793 Quam
1047 1752 1158 1794 gravia
1182 1754 1257 1784 sunt
1280 1752 1369 1793 vitia,

921 1802 1021 1842 Quam
1046 1804 1138 1842 grata
1165 1800 1220 1832 dat
1244 1801 1396 1839 remedia,

970 1850 1116 1883 Christus
1143 1848 1171 1880 ei
1195 1849 1336 1890 revelat3

881 1923 887 1929 .
925 1897 1090 1938 Loquitur
1130 1905 1244 1936 pacem
1282 1896 1321 1928 in
1354 1896 1483 1937 plebem

921 1955 1018 1978 suam
1052 1946 1080 1977 et
1103 1944 1141 1977 in
1167 1954 1236 1984 eos,
1271 1945 1326 1985 qui
1353 1954 1480 1977 conver-

920 1996 1035 2026 tuntur
1060 1993 1106 2026 ad
1130 2002 1193 2025 cor.

986 2138 1033 2170 In
1059 2139 1091 2170 2.
1117 2136 1349 2170 NocturnO.

1065 2211 1263 2248 Antiphonae.

886 2297 893 2305 .
917 2271 1024 2304 Maria
1050 2279 1187 2312 sponsae
1211 2274 1345 2313 reserat,

969 2320 1060 2360 Quod
1085 2320 1118 2351 in
1143 2321 1247 2351 matre
1271 2319 1418 2361 perfecta

920 2369 997 2401 Sine
1020 2369 1151 2409 peccato
1176 2366 1283 2400 fuerat

968 2416 1107 2459 Originis
1134 2419 1297 2457 concepta.

1248 2471 1307 2502 11*
