1653 2567
664 94 897 130 *63-

205 190 288 230 Quid
314 194 363 223 est
386 191 593 224 mirabilius?

248 241 334 271 terra
360 238 447 279 parit
471 240 608 272 stellam.

142 308 173 341 3.
199 305 351 339 Universi
375 307 565 347 praedicant

248 358 282 386 te
306 357 441 387 matrem
465 352 602 395 felicem,

201 401 265 434 Per
288 411 382 442 quam
406 411 465 434 nos
490 402 687 444 suscepimus

251 449 370 482 Christi
395 450 598 491 genetricem.

342 535 550 571 Responsoria.

148 594 176 627 l.
204 592 370 633 Fugantur
394 594 547 626 tenebrae

251 641 373 680 primae
398 642 560 685 tristitiae,

203 687 295 721 Nova
319 689 375 720 lux
400 688 502 721 oritur

252 744 349 769 verae
373 736 534 777 laetitiae,

203 782 334 816 Nullam
359 784 551 823 particulam

251 835 343 863 sonat
367 831 515 872 iniuriae,

203 878 294 917 Quod
319 879 415 911 Anna
441 878 559 911 dicitur

249 926 412 958 inventrix
440 927 572 967 gratiae,

133 972 168 1007 V.
194 973 245 1005 Ex
271 983 334 1013 qua
359 973 433 1005 dum
458 974 601 1006 nascitur

250 1020 309 1053 fios
332 1022 542 1063 innocentiae,

203 1068 295 1101 Salus
322 1069 503 1101 ostenditur

254 1120 286 1148 et
310 1116 407 1149 arrha
429 1117 558 1157 gloriae.

146 1184 177 1216 2.
206 1182 378 1215 candescit
399 1182 551 1223 Libanus,

250 1230 364 1263 cedrus
391 1231 564 1271 extollitur,

205 1278 342 1310 Caelesti
365 1279 483 1311 lumine

247 1329 335 1359 terra
359 1325 577 1367 perfunditur,

200 1374 225 1407 Ο
252 1375 378 1414 quantis
403 1374 529 1415 gaudiis

246 1423 343 1455 Anna
367 1422 522 1462 reficitur,

200 1469 318 1502 Divino
344 1478 475 1502 munere

249 1526 321 1550 cum
344 1517 565 1550 benedicitur!

128 1566 172 1599 V.
197 1565 290 1598 Haec
315 1570 416 1597 mater
440 1565 555 1598 merito

251 1613 374 1645 cunctis
399 1615 621 1654 praeponitur,

200 1661 340 1701 Quarum
365 1662 532 1702 integritas

247 1713 363 1742 natura
387 1709 532 1743 solvitur.

140 1779 173 1812 3,
199 1776 331 1818 Regalis
355 1776 471 1809 semita

247 1828 353 1857 strata
376 1825 559 1867 virtutibus,

198 1874 334 1906 Aeterni
359 1873 517 1914 principis

247 1925 363 1962 parata
387 1922 562 1964 gressibuS,

198 1969 314 2002 Finem
340 1970 507 2004 constituit

247 2018 314 2051 suis
335 2017 501 2060 limitibus,

198 2066 284 2099 Dum
308 2067 406 2099 Anna
432 2067 551 2108 colligit

245 2123 349 2147 rosam
378 2124 416 2147 ex
442 2113 597 2155 floribu53

126 2163 165 2197 V.
196 2162 250 2197 Sic
276 2163 459 2195 benedictio

246 2212 404 2252 promissa
427 2211 576 2251 patribus

198 2262 326 2293 Annam
350 2257 517 2300 dignificat

244 2308 278 2340 in
304 2306 414 2340 multis
438 2306 608 2341 matribus.

976 191 1022 224 In
1049 191 1281 224 Laudibus.

1032 246 1227 284 Antiphonae.

832 296 863 331 1.
889 294 1027 328 Fructus
1053 297 1166 327 Annae
1192 295 1307 328 nobilis

935 343 1042 375 induit
1067 343 1225 382 decorem,

890 391 1130 424 Administrans
1155 390 1292 423 saeculis

937 439 1059 480 gratiae
1083 438 1298 479 splendorem.

832 497 863 528 2.
892 497 954 528 Per
977 496 1105 528 Annam
1131 496 1295 528 reducitur

938 553 1038 576 annus
1063 544 1234 586 jubilaeuS,

892 590 941 623 De
970 591 1057 623 cuius
1083 593 1260 633 propagine

940 639 1027 671 venit
1048 639 1141 672 homo
1168 639 1263 674 Deus,

832 697 867 730 3.
894 695 1048 729 Columba
1072 696 1246 728 revertitur

939 752 1060 776 ramum
1088 744 1167 776 dans
1193 743 1306 785 olivae,

891 791 976 823 Dum
1003 799 1041 823 ex
1066 792 1162 823 Anna
1185 791 1330 823 nascitur

940 837 998 871 fios
1024 840 1152 872 virtutis
1177 839 1279 871 vivae.

832 898 863 929 4.
891 896 1027 937 Lignum
1052 897 1138 928 vitae
1162 895 1228 928 fert
1252 895 1410 928 medelam

937 943 1074 976 labentis
1099 946 1243 983 naturae,

889 991 985 1023 Cuius
1010 989 1150 1024 fructum
1174 991 1370 1024 benedicunt

938 1047 1047 1070 omncs
1073 1041 1249 1073 creaturae.

833 1098 864 1129 5.
891 1095 976 1128 Laus
1002 1098 1034 1127 et
1057 1095 1161 1128 honor
1185 1096 1258 1128 iesu
1285 1097 1422 1134 Christo,

938 1146 1013 1175 nato
1037 1143 1100 1175 Dei
1124 1144 1238 1185 patris,

892 1190 968 1223 Cum
994 1200 1055 1231 quo
1081 1194 1194 1231 regnat
1219 1192 1252 1223 in
1279 1191 1414 1223 excelsis

936 1242 1040 1271 mater
1064 1248 1141 1272 suae
1168 1239 1289 1271 matris.

1003 1305 1048 1333 Ad
1066 1305 1254 1334 Benedictus.

818 1355 858 1388 A.
889 1354 915 1387 Ο
937 1364 1055 1396 parens
1080 1353 1258 1397 magnifica,

937 1402 1055 1435 nobilis
1080 1411 1229 1442 persona,

892 1450 987 1483 Cuius
1013 1450 1121 1491 proles
1147 1451 1325 1491 praeminet

941 1498 1071 1530 caelesti
1097 1507 1225 1535 corona,

893 1545 1100 1578 Famulorum
1125 1546 1277 1585 precibus

939 1592 1022 1635 fave,
1049 1596 1152 1625 mater
1177 1594 1271 1632 bona,

893 1640 1086 1681 Cunctisque
1111 1641 1309 1681 temporibus

939 1697 1052 1730 pacem
1076 1689 1168 1721 nobis
1195 1690 1289 1723 dona.

958 1767 1005 1799 In
1032 1768 1063 1801 2.
1091 1766 1313 1808 Vesperis.

1012 1823 1059 1852 Ad
1077 1823 1259 1859 Magnificat.

820 1874 862 1906 A.
887 1874 992 1911 Anna,
1018 1876 1131 1906 sancta
1154 1873 1279 1913 mulier,

942 1924 1009 1953 toto
1037 1920 1198 1954 desiderio

894 1969 940 2001 Te
963 1968 1091 2001 beatam
1118 1969 1288 2011 praedicat

940 2017 1042 2048 omnis
1068 2018 1242 2059 generatio,

892 2064 1029 2097 Mariam
1057 2066 1257 2105 conspiciens

940 2113 971 2144 in
1000 2113 1101 2154 regali
1127 2113 1219 2157 solio,

893 2161 942 2193 Tu
969 2169 1077 2193 amore
1100 2160 1187 2193 filiae

942 2208 986 2240 sis
1012 2208 1104 2241 nobis
1127 2209 1302 2249 praesidio,

896 2256 947 2289 Ne
970 2265 1028 2289 nos
1055 2256 1201 2289 Christus
1227 2258 1359 2291 veniens

945 2305 1075 2337 damnet
1099 2305 1132 2337 in
1157 2306 1289 2339 iudicio.

202 2366 289 2394 Brev.
310 2374 365 2394 ms.
387 2364 538 2394 Carmelit.
559 2364 683 2393 Hibern.
711 2363 783 2389 anni
805 2359 888 2390 1489.
918 2360 987 2389 Coa.
1011 2360 1137 2399 Collegii
1157 2361 1210 2391 SS.
1223 2363 1381 2392 Trinitatis
1395 2364 1456 2392 Du-

125 2405 237 2434 blinen.
250 2405 294 2431 -Β,
317 2401 344 2432 3.
367 2401 411 2432 16.
