1653 2567
696 136 952 170 —220—

253 233 446 265 Percurrens
470 241 589 272 poenas
614 231 755 270 corporis

253 279 427 321 Tripudiat,
452 288 520 310 cnm
546 278 670 319 ceteriS,

216 354 223 361 .
255 326 400 359 Praemia
424 326 608 358 nanciscens
744 357 750 363 ,

296 383 355 406 nec
378 382 546 413 pressurae
569 372 774 405 reminiscens

255 421 365 453 Carnis
388 430 446 460 pro
470 421 562 452 laetis

300 470 411 508 partae
435 468 503 499 sine
526 466 589 499 fine
614 466 738 507 quietis.

305 619 349 650 In
376 619 407 651 2.
432 617 665 649 Nocturno.

402 728 578 765 Antiphona.

253 817 346 848 Hunc
369 817 511 846 sanctum
534 816 592 855 tui,
615 814 761 858 Domine,

253 862 409 902 Signitum
434 862 538 893 vultus
561 863 688 901 lumine,

251 909 387 942 Domum
411 912 497 940 tuam
522 909 735 941 introductum

251 957 431 997 Degustare
453 956 538 987 vitae
563 955 700 988 fructum

249 1005 397 1036 Praestas
423 1003 451 1034 ei
476 1011 536 1043 per
559 1004 702 1046 gratiam,

250 1050 411 1082 Honorem
437 1050 515 1081 dans
541 1053 573 1081 et
597 1050 739 1091 gloriam.

382 1162 589 1197 Responsoria.

218 1265 225 1272 .
251 1239 356 1279 Plagis
380 1239 487 1271 multis
514 1241 693 1271 cruentatus

248 1286 278 1317 A
302 1285 433 1326 paganis
460 1286 508 1317 vir
531 1285 641 1317 beatus

249 1332 322 1363 Non
347 1332 502 1370 tristatur,
523 1333 579 1364 sed
606 1333 744 1364 exsultat,

248 1379 431 1412 Eorundem
457 1382 488 1410 et
511 1380 643 1411 insultat

294 1426 412 1458 Flebili
437 1427 593 1465 vesaniae,

209 1498 216 1506 .
247 1473 385 1506 Caelitus
410 1473 553 1505 hortatus

297 1523 443 1552 constans
468 1520 505 1552 fit
529 1523 561 1552 et
584 1521 795 1561 insuperatus,

217 1632 223 1638 .
251 1606 325 1637 Post
351 1605 390 1637 ab
415 1605 494 1644 ipsis
520 1605 709 1638 Sisinnatem

248 1652 452 1685 Introductus
473 1653 641 1697 civitatem,

248 1700 294 1732 Ob
320 1700 504 1738 despectum
530 1701 646 1732 cultum
672 1710 785 1732 vanum

251 1747 395 1778 Vinctum
418 1747 487 1778 illic
513 1748 702 1780 Pontianum

296 1794 414 1826 Videns
440 1797 472 1824 et
497 1793 716 1834 Concordium,

210 1865 217 1872 .
247 1841 310 1873 Pro
335 1842 454 1873 virtute
477 1841 548 1880 pari

290 1897 325 1920 se
349 1888 466 1928 gaudet
490 1889 534 1920 eis
559 1889 683 1921 sociari.

214 2000 221 2007 .
246 1973 326 2005 Inde
350 1972 473 2004 vinctus
499 1974 572 2005 dum
598 1974 761 2014 Spoletum

247 2019 424 2052 Duceretur
448 2019 534 2053 ferre
555 2022 663 2063 letum,

246 2068 322 2106 lpsa
346 2068 438 2107 longe
463 2077 525 2100 non
550 2069 590 2100 ab
614 2069 695 2101 urbe

245 2114 422 2154 Improviso
445 2118 532 2147 motu
556 2117 670 2149 turbae

292 2162 466 2194 Furentum
492 2172 600 2196 caesus
625 2164 731 2205 gladio

293 2209 495 2249 Relinquitur
518 2211 551 2243 in
576 2211 688 2252 t1·ivio;

208 2283 215 2290 .
247 2256 293 2288 Ob
319 2257 403 2289 vitae
427 2258 542 2290 merita

293 2302 446 2336 fruiturus
471 2309 605 2345 perpete
631 2306 696 2339 vita

244 2351 317 2383 Tali
341 2355 497 2384 mactatur

294 2407 371 2431 nece
402 2401 529 2439 praesul
556 2404 587 2432 et
610 2402 795 2438 tumulatur,

994 231 1042 264 In
1068 231 1099 264 3.
1127 231 1356 263 Nocturno.

1087 296 1266 333 Antiphona.

933 344 971 376 In
991 344 1126 377 Domino
1147 344 1249 377 fidens

975 392 1128 433 illataque
1153 391 1288 424 verbera
1311 390 1420 422 ridens

932 439 1038 479 Atque
1063 439 1168 472 ferens
1193 440 1307 478 sponte

979 495 1069 518 sacro
1088 487 1288 527 requiescere
1311 487 1428 526 monte,

932 533 1054 565 Nactus
1077 536 1265 574 perpetuam

976 581 1093 612 meruit
1123 589 1214 613 sacer
1238 580 1299 611 iste
1326 586 1484 611 coronam.

1062 656 1269 692 Responsoria.

872 712 903 744 1.
929 711 999 742 Nec
1023 714 1073 743 est
1094 719 1207 752 passus
1233 711 1426 752 insepultum

931 756 1075 791 Christus
1100 767 1178 799 esse,
1204 762 1338 798 propter
1364 760 1481 791 cultum

930 805 1026 838 Cuius
1051 809 1122 837 erat,
1144 805 1216 838 neci
1241 806 1344 849 datus,

928 852 1000 884 Hoc
1025 853 1205 893 disponens,
1231 857 1267 884 ut
1291 855 1412 886 relatus

976 901 1108 932 Praesul
1133 901 1218 932 idem
1244 901 1285 932 ad
1309 902 1474 941 propriam

976 947 1173 986 Sepeliretur
1198 947 1402 989 cathedram3

858 995 895 1029 V,
924 993 1035 1025 Gratia
1061 995 1170 1026 divina

974 1042 1139 1084 concessit,
1165 1043 1201 1073 ut
1224 1040 1301 1072 urbs
1327 1042 1483 1073 Perusina

928 1089 1084 1120 Praesule
1108 1089 1262 1128 gauderet

974 1136 1106 1175 proprio
1128 1144 1189 1167 nec
1211 1137 1305 1174 patre
1330 1138 1465 1169 careret.

870 1196 902 1226 2.
930 1192 976 1225 Ut
999 1192 1141 1224 admovit
1161 1191 1322 1223 Levianus

925 1239 978 1270 Ad
1008 1237 1176 1270 ferendum
1201 1241 1345 1270 sanctum
1370 1248 1482 1271 manus

975 1285 1157 1325 Deportans
1183 1293 1253 1317 eum
1277 1285 1427 1326 humeris,

973 1332 1030 1364 Nil
1054 1332 1123 1364 fere
1148 1333 1248 1365 sensit
1269 1333 1432 1374 ponderiS,

858 1381 895 1413 V.
925 1379 1008 1411 Nam
1033 1380 1135 1412 virtus
1162 1379 1281 1413 Christi

973 1427 1087 1459 merito
1111 1426 1189 1460 fidei
1215 1427 1305 1459 dedit
1328 1428 1394 1468 isti,

927 1474 1056 1506 Pondus
1081 1477 1118 1506 ut
1140 1475 1201 1507 hoc
1225 1475 1313 1506 oneri

973 1531 1036 1553 non
1062 1524 1146 1555 esset
1170 1521 1199 1554 ei
1224 1522 1281 1554 sed
1306 1522 1430 1557 honori.

868 1580 899 1612 3.
925 1578 1039 1610 Inclite
1067 1578 1243 1620 Constanti,

971 1634 1067 1665 prece
1093 1626 1281 1658 concilando
1309 1628 1433 1659 tonanti

925 1672 992 1704 Nos
1017 1674 1195 1713 patrocinio

973 1724 1143 1753 contueare
1166 1721 1231 1762 pio,

924 1766 1040 1809 Effice,
1065 1778 1126 1808 quo
1152 1771 1261 1809 gratus

973 1815 1016 1846 sit
1039 1820 1149 1849 noster
1174 1816 1202 1848 ei
1226 1814 1409 1859 famulatus,

924 1862 970 1894 Ut
997 1863 1111 1895 merito
1134 1863 1247 1895 veniae

972 1910 1027 1942 det
1047 1911 1187 1942 reditum
1210 1911 1356 1953 patriae3

856 1957 892 1990 V.
922 1956 1097 1989 Exsulibus
1121 1957 1247 1990 miseris

973 2004 1215 2037 interveniendo
1240 2006 1383 2044 preceris

926 2051 1027 2086 Nobis
1052 2053 1227 2092 propitium

970 2099 1087 2140 iugiter
1112 2109 1182 2132 esse
1200 2100 1314 2132 Deum.

1011 2195 1059 2227 ln
1083 2194 1313 2228 Laudibus.

1070 2261 1265 2297 Antiphonae.

868 2309 898 2341 1.
927 2307 1085 2341 Levianus
1110 2310 1213 2342 sancti
1238 2313 1366 2351 gestans

927 2357 1049 2396 Corpus
1073 2358 1105 2390 id
1133 2358 1264 2391 odorem
1289 2363 1458 2399 praestans

973 2404 1079 2437 Sensit
1102 2407 1321 2442 aromaticum.
