1653 2567
632 111 866 146 „24-

177 208 345 240 Peccatum
370 208 453 248 regis
480 210 512 239 et
535 208 626 240 venia

224 255 347 293 peccati
371 264 431 294 per
456 256 608 287 cartulam

173 301 291 333 Delata
313 304 361 333 est
385 302 424 334 ab
449 303 571 342 angelo.

120 359 151 391 3.
177 358 373 391 Adiunctum
398 360 465 391 erat

222 405 255 436 in
280 405 343 438 fine
369 405 518 448 cartulae,

172 453 262 492 Quod
287 454 389 485 sancti
412 453 540 492 Aegidii

221 499 344 531 meritis
369 499 502 539 quilibet

173 548 328 580 Peccator
357 547 541 579 absolvatur

221 603 239 625 a
265 594 405 634 crimine,

174 641 208 674 Si
231 641 365 673 ulterius
388 650 451 673 non
475 641 545 673 vult

220 688 398 720 admittere.

115 746 147 777 4.
174 745 308 778 Sanctus
333 745 383 776 vir
407 744 560 784 Aegidius

172 792 226 823 Ad
251 792 406 823 Karolum
429 793 498 823 iens

220 839 467 871 Daemoniacum
495 839 628 881 sanavit,

171 887 202 918 A
227 886 347 918 Karolo
370 887 496 918 rediens

174 933 343 966 Cuiusdam
368 933 524 973 principis
550 932 648 964 filium

219 982 250 1011 A
273 982 376 1012 morte
397 979 608 1012 resuscitavit.

116 1038 147 1070 5.
175 1034 199 1069 O
226 1036 328 1068 virum
352 1045 411 1075 per
435 1037 540 1068 omnia

219 1083 413 1115 laudabilem

174 1131 221 1163 Et
244 1130 364 1162 cunctis
389 1139 424 1163 se
448 1130 667 1163 invocantibus

219 1177 420 1220 exorabilem,

172 1225 230 1265 Qui
241 1233 279 1256 ex
289 1224 416 1265 antiquo
426 1225 517 1256 hoste
523 1225 591 1256 Deo
600 1226 722 1264 gratam

173 1272 223 1304 De
247 1280 281 1303 se
306 1270 448 1304 referens
473 1271 635 1304 victoriam

854 206 1018 238 Hodierna
1049 204 1101 236 die
1124 204 1311 244 perpetuam

854 253 1017 285 Transivit
1040 252 1081 285 ad
1107 251 1250 291 gloriam.

970 327 1017 355 Ad
1036 326 1220 355 Benedictus.

816 409 822 415 .
853 386 939 416 Ante
961 384 1085 416 thorum
1110 384 1193 424 regis

900 434 1081 464 sanctorum
1106 431 1214 462 iuncte
1239 428 1372 468 choreiS,

852 479 1051 511 Associando
1075 478 1136 510 tibi

900 526 1023 565 superis
1047 535 1104 558 nos
1131 523 1249 565 confer,
1276 522 1402 563 Aegidi,

853 573 956 605 Simus
981 576 1016 604 ut
1040 573 1205 612 haeredes,

899 620 955 653 ubi
978 620 1037 651 viti
1060 621 1182 659 palmes
1207 618 1363 650 inhaeres,

923 714 969 747 In
991 716 1023 748 2.
1051 714 1075 746 V
1088 723 1158 754 esp
1170 714 1266 747 eriz.

975 788 1020 816 Ad
1035 788 1213 824 Magnificat.

816 873 822 879 .
851 846 937 879 Laus
961 846 1115 879 immensa
1137 846 1200 879 Dei

897 896 971 926 sunt
994 894 1086 925 huius
1112 893 1195 926 festa
1221 893 1293 937 diei,

851 941 889 973 In
914 950 976 981 qua
1001 940 1195 973 Graecorum

897 986 955 1020 flos
976 987 1102 1020 scandit
1119 988 1161 1020 ad
1178 988 1245 1020 alta
1260 986 1407 1027 polorum

850 1034 984 1066 Inclitus
1008 1035 1174 1074 Aegidius,

898 1082 973 1121 quia
998 1081 1104 1114 dulcia
1127 1085 1204 1114 vota
1226 1090 1287 1121 per
1312 1081 1379 1112 eius

850 1129 990 1162 Vincula
1012 1132 1211 1169 rumpuntur,

898 1179 1103 1216 tempestates
1128 1177 1356 1220 reprimuntur,

853 1223 1013 1256 Sedantur
1037 1224 1139 1255 morbi

898 1270 1019 1310 totique
1043 1271 1130 1303 salus
1157 1272 1251 1304 datur
1276 1267 1356 1303 orbi.

174 1338 259 1364 Brev.
279 1346 333 1364 ms.
352 1337 599 1372 wirceburg-ense
627 1344 702 1363 saec,
724 1334 768 1363 15.
804 1335 872 1364 Con.
893 1336 1029 1364 Rossian.
1048 1336 1123 1365 VH]
1143 1335 1188 1364 57.
1208 1336 1243 1363 A.
1265 1351 1302 1356 —
1322 1336 1408 1364 Brev.

100 1375 347 1410 Wircoburgense
365 1376 434 1410 imp.
455 1375 587 1402 Venetiis
605 1372 685 1402 1507.
704 1373 738 1401 Β.
763 1389 797 1393 -
818 1372 886 1400 God.
908 1374 936 1402 S.
951 1374 1033 1401 Petri
1046 1374 1246 1411 salisburgen.
1268 1383 1287 1401 a
1304 1374 1348 1401 VI
1361 1373 1407 1402 52.

102 1421 176 1440 saec.
189 1411 238 1447 15;
259 1414 290 1439 in
309 1412 520 1440 mcnastischer
538 1413 634 1440 Form.
656 1412 687 1440 O.
707 1426 746 1430 —
764 1412 805 1439 111
827 1409 851 1438 1.
871 1412 975 1447 Vesp.
1003 1412 1098 1448 Super
1122 1413 1170 1440 Ps.
1192 1410 1214 1437 Α
1240 1411 1332 1440 Serve
1351 1413 1409 1440 Dei

102 1452 162 1477 vivi
186 1454 238 1478 otc.
258 1451 294 1478 A.
323 1465 354 1469 —
384 1450 430 1477 Ad
448 1451 536 1478 Nunc
555 1451 677 1478 dimittis
698 1447 721 1476 Α
741 1449 867 1477 Sanetus
890 1452 938 1477 vir
956 1451 1098 1486 Aegidius
1123 1451 1161 1478 ad
1180 1450 1322 1478 Karolum
1343 1452 1409 1478 iens

101 1491 154 1515 etc.
175 1489 209 1515 A.
230 1502 267 1506 —
293 1489 334 1515 In
356 1486 380 1515 1.
403 1489 454 1516 No
465 1490 507 1515 ct.
530 1486 550 1514 Β
574 1487 598 1521 1,
622 1486 636 1515 1
658 1487 782 1515 Sanctus
802 1488 837 1515 A.
864 1503 902 1507 —
930 1485 998 1522 Β,3,
1020 1488 1037 1515 7
1063 1489 1142 1523 quod
1161 1489 1234 1516 dicit
1254 1487 1285 1516 G.
1304 1502 1342 1507 —-
1367 1489 1410 1516 In

99 1524 126 1552 2.
146 1526 248 1554 Noct.
269 1524 292 1552 Α
319 1525 342 1560 1,
363 1524 383 1553 4
401 1526 499 1553 induit
517 1534 549 1553 se
568 1525 602 1553 A.
623 1541 660 1545 —
682 1524 702 1552 Β
726 1523 749 1560 1,
773 1523 788 1552 1
808 1526 962 1561 praeclara
981 1526 1046 1554 dico
1067 1526 1101 1553 A.
1129 1542 1167 1547 —
1191 1526 1235 1553 In
1254 1524 1281 1554 3.
1302 1527 1408 1555 Noct.

100 1562 122 1589 Α
140 1561 166 1597 3,
186 1562 203 1592 3
224 1564 287 1591 Nos
302 1564 337 1591 A.
352 1578 386 1583 ι
408 1562 429 1589 Β
449 1561 476 1597 3,
497 1561 515 1591 3
534 1564 577 1591 Et
596 1566 679 1599 pater
699 1562 747 1590 hic
766 1564 858 1591 servit
878 1564 912 1591 A.
928 1578 965 1583 -——
984 1562 1005 1590 Β
1025 1562 1053 1598 3,
1074 1562 1091 1591 6
1113 1565 1183 1592 ordo
1204 1567 1239 1591 ut
1256 1574 1309 1601 per
1324 1565 1359 1592 A.
1372 1581 1409 1584 —

102 1599 121 1627 Β
144 1599 169 1636 3,
191 1600 209 1629 8
229 1603 332 1629 sitiens
355 1601 389 1629 A.
410 1616 446 1620 —
471 1599 491 1627 Β
511 1600 531 1629 4
553 1603 584 1629 111
606 1601 641 1629 O:

438 1640 473 1668 R.
495 1639 612 1673 Quanta
630 1639 773 1675 Aegidius
794 1639 887 1676 fulget
904 1641 1001 1676 gloria

493 1678 560 1704 Hoc
581 1678 611 1704 in
632 1677 740 1704 mundo
761 1678 894 1713 caelique
914 1679 1004 1712 curia,

496 1714 662 1742 Sanitatum
683 1715 791 1751 probat
809 1716 987 1751 frequentia:

440 1752 475 1780 V.
496 1753 622 1788 Lepi-am
641 1752 770 1787 mundat,
787 1754 871 1788 fugat
890 1754 1052 1788 daemonia,

494 1790 599 1826 Aegi-is
620 1791 682 1818 eius
703 1790 841 1818 subvenit
863 1792 969 1827 gratia.

100 1827 142 1854 In
159 1827 269 1855 Laud.
291 1826 314 1853 Α
335 1824 361 1862 2,
382 1825 399 1854 5
423 1828 536 1855 reniam
556 1828 595 1862 A;
617 1826 640 1854 Α
660 1826 685 1862 2,
708 1826 724 1854 7
746 1828 852 1856 Deleta
870 1829 904 1856 A.
926 1842 963 1847 ——
984 1828 1006 1854 Α
1028 1828 1046 1857 5
1066 1829 1160 1857 lautet
1181 1832 1214 1857 in
1235 1828 1274 1858 C:

386 1864 432 1892 Sit
451 1874 502 1893 rex
521 1866 660 1900 invictus,
680 1867 761 1894 Deus
781 1866 882 1901 Israel,
904 1867 1084 1901 benedictus,

386 1903 507 1931 Gentem
527 1903 677 1931 Gallorum
698 1905 748 1939 qui
767 1904 837 1932 fecit
855 1905 963 1933 habere
982 1908 1139 1941 patronum

385 1940 549 1977 Aegi-lium,
573 1944 674 1977 captos
695 1943 746 1978 qui
763 1942 879 1973 liberat,
901 1943 988 1979 erigit
1007 1951 1126 1980 aegros;

104 1978 253 2006 vielleicht
277 1979 483 2015 msprfingfich
510 1981 575 2008 eine
599 1980 751 2016 Antiphon
771 1989 838 2008 zum
864 1980 1048 2009 Benedictus.
1075 1997 1112 2001 —
1137 1982 1183 2010 Ad
1203 1982 1309 2010 Bened.
1332 1980 1368 2019 Α,
1395 1981 1413 2011 3

101 2016 284 2045 Associanda
303 2017 364 2046 sibi
383 2017 417 2044 A.

560 2100 586 2131 6.
615 2099 659 2132 De
679 2101 789 2133 sancta
808 2101 942 2142 Agatha.

238 2159 283 2191 In
308 2162 339 2193 1.
365 2160 586 2201 VesperiS.

318 2216 512 2252 Antiphonae.

117 2263 147 2296 1.
173 2261 229 2296 Ad
252 2262 365 2296 beatae
389 2265 520 2306 virginis

221 2308 352 2343 Festum
377 2320 447 2344 cum
472 2312 598 2346 fervore

175 2358 387 2392 Procedamus
415 2362 564 2400 martyris

219 2405 321 2438 Huius
345 2415 377 2438 1n
404 2407 533 2441 honore.

800 2165 831 2197 2.
858 2159 980 2204 Gratia,
1010 2164 1177 2208 munditia,

905 2212 1079 2246 Pneumate
1104 2213 1188 2252 quod
1213 2213 1335 2256 habuit,

856 2258 901 2291 Et
924 2258 1076 2292 virtutum
1103 2261 1195 2300 copia

904 2307 1024 2339 Sancta
1045 2308 1108 2341 Dei
1134 2308 1259 2342 claruit.

798 2365 828 2396 3.
855 2360 942 2404 Agia
966 2364 1128 2397 sidereum

901 2412 1032 2447 Intuens
1059 2413 1206 2446 decorem
