1653 2567
693 111 951 147 -176—

549 234 588 266 61.
615 233 652 265 In
672 232 875 265 ordinatione
891 241 914 264 s.
934 231 1095 264 Bonifatii.

306 322 353 355 In
378 323 408 356 1.
435 323 651 364 VesperiS.

354 417 447 454 Super
465 418 606 445 Psalmos.

168 496 210 527 A.
239 494 315 526 Sion
339 498 459 538 sancta,
485 495 655 536 gratulare,

241 542 335 574 Plebs
360 540 475 581 fidelis,
503 542 674 573 collaetare

287 589 403 622 Sancto
427 588 597 632 Bonifatio,

238 636 382 668 Psalmos
406 636 475 668 Deo
498 644 672 676 personare

236 682 341 715 Debet
364 683 428 715 illis
455 685 487 714 et
506 691 620 715 vacare

280 730 399 762 Mentis
425 731 610 773 exsultatio,

237 777 357 809 Luctus
383 778 487 810 cordis
512 776 675 818 refugetur

241 824 285 856 Et
311 825 461 857 decenter
484 827 703 865 augmentetur

287 872 407 904 Laudis
434 873 599 915 enarratio,

240 919 310 951 Vox
336 919 377 951 ad
404 921 513 951 cantus
539 920 704 963 animetur,

240 966 286 999 Ut
311 967 465 1006 condigne
492 966 670 998 celebretur

286 1013 365 1045 Eius
391 1013 556 1048 ordinatio,

362 1106 407 1134 Ad
426 1106 605 1142 Mag-nificat.

172 1173 215 1207 A.
243 1174 267 1206 Ο
294 1174 440 1207 caelestis
467 1177 582 1218 coetus,
609 1176 720 1218 gaude,

239 1221 355 1253 Mundi
377 1222 472 1254 decus
499 1225 530 1253 et
553 1222 714 1262 applaude

289 1268 431 1300 Praesuli
456 1268 632 1309 magnifico,

240 1314 359 1347 Romae
383 1317 436 1355 qui
462 1316 536 1347 dum
561 1316 735 1360 ordinatur,

240 1362 277 1394 In
304 1371 410 1394 amore
434 1363 590 1396 solidatur

287 1410 415 1443 Domini
439 1409 572 1454 vivifico,

241 1456 338 1489 Bonis
361 1456 453 1489 factis
475 1457 651 1498 insignitus,

240 1503 334 1536 Unde
356 1513 470 1536 nomen
496 1508 544 1536 est
567 1505 696 1537 sortitus

287 1551 364 1584 Iure
387 1550 574 1595 Bonifatius,

241 1599 331 1638 Quod
356 1602 484 1639 aptatur
511 1599 605 1640 digne
630 1598 733 1644 factis,

238 1645 284 1678 Ut
309 1655 347 1678 ex
373 1647 438 1678 eius
460 1647 560 1678 sacris
586 1647 665 1679 actis

288 1694 397 1727 Claret
421 1693 601 1735 efficacius,

241 1740 357 1772 Sancte
381 1744 473 1781 pater
499 1744 529 1772 et
553 1745 695 1785 patrone,

243 1787 310 1819 Nos
336 1788 485 1828 degentes
508 1789 541 1819 in
567 1798 667 1829 agone

290 1835 394 1867 Huius
418 1837 504 1868 vitae
526 1837 674 1876 miserae,

243 1882 312 1914 Tua
334 1891 432 1922 prece
457 1892 525 1915 cum
551 1883 652 1916 beatis

241 1930 356 1962 Almae
381 1931 501 1962 vultum
529 1931 656 1963 deitatis

283 1978 352 2010 Fac
374 1977 408 2009 in
433 1987 542 2010 aevum
569 1979 682 2011 visere.

306 2120 370 2152 Ad
393 2121 664 2154 Matutinum.

373 2215 591 2243 Invitatorium.

241 2292 419 2324 Adoremus
442 2296 548 2325 mente
571 2296 640 2326 tota

241 2340 359 2380 Regem
382 2350 491 2381 regum
516 2344 548 2373 et
574 2342 689 2374 devota

288 2387 409 2421 Nostra
432 2389 475 2421 sit
497 2389 650 2434 laudatio,

919 323 978 363 Qui
1004 331 1150 354 coronam
1176 321 1390 362 sempiternae

918 370 1014 402 Vitae
1038 370 1127 402 dedit
1151 378 1208 402 suo
1234 376 1361 409 vernae,

967 417 1083 450 Sancto
1110 415 1283 450 Bonifatio.

981 540 1030 573 In
1055 540 1085 573 1.
1116 539 1348 572 Nocturno.

1065 615 1265 651 Antiphonae.

861 673 892 705 1.
920 673 975 705 Vir
1000 672 1112 704 beatus
1139 674 1328 712 aspernatur

967 720 1104 760 Impium
1128 721 1303 762 consilium,

916 767 1036 809 Legem
1059 768 1121 799 Dei
1146 768 1320 800 meditatur

968 815 1108 855 Sequens
1135 815 1201 846 eius
1226 814 1336 848 filium,

861 872 893 905 2.
917 871 982 903 Hic
1006 871 1152 904 adhaesit
1174 871 1207 902 in
1230 872 1346 904 timore

967 919 1095 950 Domini
1120 918 1267 962 servitiis,

921 965 1123 1005 Par-vipensis
1149 974 1219 997 cum
1243 966 1345 998 livore

968 1013 1094 1045 Saeculi
1120 1012 1251 1047 deliciis.

863 1069 895 1102 3.
922 1069 1020 1109 Quem
1046 1070 1085 1101 de
1109 1077 1165 1101 suo
1189 1070 1300 1100 sancto
1325 1070 1432 1101 monte

967 1117 1054 1149 Deus
1080 1116 1296 1158 exaudiverat‚

920 1163 1139 1196 Perfruentem
1166 1172 1264 1195 aevae
1286 1161 1376 1194 fonte

969 1210 1070 1252 Vitae,
1098 1219 1191 1251 quam
1217 1210 1370 1250 cupierat.

1058 1305 1267 1341 Responsoria.

863 1373 893 1406 1.
920 1372 972 1404 Ex
995 1372 1171 1412 Anglorum
1196 1372 1296 1412 stirpe
1321 1374 1416 1404 natus

919 1419 983 1451 Hic
1005 1420 1171 1459 praeclara
1195 1420 1246 1452 vir
1270 1419 1381 1451 beatus

964 1468 1009 1499 Et
1022 1466 1217 1499 Wintfridus
1229 1475 1344 1499 nomen
1353 1468 1475 1510 nactus,

922 1515 1000 1547 Mox
1024 1514 1058 1545 in
1082 1513 1148 1547 fide
1172 1514 1331 1546 solidatur

919 1563 966 1595 Et
990 1561 1144 1594 doctrinis
1167 1562 1368 1602 mancipatur

970 1610 1073 1642 Verus
1100 1609 1202 1641 cultor
1226 1609 1288 1641 Dei
1312 1608 1426 1652 factus,

849 1657 888 1690 V.
918 1657 1076 1689 Mundum
1103 1657 1257 1697 despexit,

970 1714 1023 1737 cor
1048 1704 1091 1736 ad
1118 1704 1268 1737 caelestia
1297 1704 1395 1737 vexit.

863 1763 894 1795 2.
922 1761 1016 1793 Hunc
1041 1761 1153 1793 allexit
1177 1762 1219 1794 ad
1245 1770 1384 1793 amorem

922 1808 1037 1841 Mundi
1062 1811 1163 1851 pater,
1191 1817 1406 1841 successorem

971 1856 1069 1895 Quem
1094 1856 1249 1888 bonorum
1275 1856 1454 1899 affectabat,

921 1903 1016 1935 Felix
1036 1912 1117 1943 puer
1140 1904 1198 1935 sed
1223 1904 1394 1936 mundanis

921 1951 1029 1982 Rebus
1062 1951 1178 1991 spretis
1204 1954 1364 1991 tamquam
1391 1952 1481 1986 vanis

972 1998 1180 2037 Sempiternis
1205 1999 1369 2043 inhiabat3

853 2045 892 2078 V.
924 2045 977 2077 Sic
1002 2045 1161 2078 Christum
1188 2055 1343 2086 quaerens

971 2097 1003 2125 et
1027 2093 1133 2126 verbis
1160 2094 1226 2126 eius
1252 2094 1443 2128 adhaerens,

866 2151 896 2184 3.
923 2150 1031 2190 Agens
1057 2159 1157 2184 annos
1182 2151 1359 2185 iuventutis

924 2197 971 2230 Ob
997 2200 1146 2230 aeternae
1170 2208 1259 2238 spem
1285 2200 1397 2231 salutis

972 2245 1066 2277 Statu
1090 2246 1209 2286 gaudet
1232 2247 1383 2288 regulari,

925 2293 1176 2333 Temptamentis
1203 2294 1307 2327 carnis
1332 2296 1427 2339 cedit,

925 2341 1037 2380 Docet,
1064 2344 1135 2373 orat
1160 2344 1192 2373 et
1216 2343 1357 2384 oboedit,

973 2390 1049 2422 Vita
1073 2387 1173 2422 fultus
1199 2390 1351 2432 sa1utari3
