1653 2567
739 118 994 152 -112—

342 217 387 249 In
415 216 445 249 1.
472 215 703 250 Nocturno.

420 291 616 326 Antiphonae.

228 351 256 381 1.
285 349 360 381 Cum
386 347 482 381 fidem
506 349 616 389 nequit

327 397 361 429 in
385 396 487 428 lucem
513 405 640 436 ponere,

282 443 406 476 Sanctis
432 452 466 475 se
490 444 735 482 recommendat,

282 491 328 524 Ut
351 491 486 531 palmae,
513 500 605 530 quam

326 547 388 571 non
414 541 516 569 cessat
542 547 702 578 quaerere,

280 585 429 618 Bravium
456 586 711 624 comprehendat.

223 644 254 674 2.
281 642 441 674 Nataliam
470 642 600 674 Aurelio

329 689 483 730 Sponsam
508 689 594 721 Deus
620 689 790 728 coniunxit,

284 739 366 775 Quos
392 737 539 776 specialis
563 737 669 769 unctio

327 783 478 815 Feliciter
501 784 660 823 perunxit.

224 842 255 874 3.
281 840 344 872 Hie
368 841 567 872 sanctitatem
591 841 715 872 intimat

331 889 472 927 Sponsae
497 897 606 920 sacrae
629 890 792 924 secretam,

282 935 504 967 Vehementius
534 936 594 967 hoc
619 936 738 967 animat

333 981 450 1014 Christi
474 991 587 1014 novum
614 983 773 1014 athletam.

421 1075 626 1111 Responsoria.

222 1144 252 1175 1.
279 1143 477 1174 Adulescens
501 1144 659 1183 Aurelius,

325 1189 408 1221 Dum
432 1190 585 1229 speciales
610 1192 736 1230 nuptias

373 1235 502 1276 Cogitur
527 1237 697 1279 celebrare,

280 1284 362 1316 Fide
386 1291 588 1315 succrescens
614 1286 747 1326 amplius

328 1331 488 1370 Speciales
521 1331 647 1363 divitias

373 1377 495 1409 Nititur
519 1378 697 1411 observare.

208 1423 245 1455 V.
276 1424 404 1456 Natalia
427 1423 599 1463 perfectius

328 1471 509 1511 Opitulatur
531 1473 649 1513 gratias

375 1518 498 1558 Sponsa
522 1521 744 1559 multiplicare.

222 1576 252 1607 2.
281 1575 428 1607 lohannis
453 1576 609 1615 supplicio

280 1623 461 1654 I’neumatis
486 1624 631 1656 incendio

326 1670 424 1701 Totus
448 1669 668 1713 infiammatus,

279 1717 421 1749 Fervens
446 1726 504 1756 pro
530 1719 681 1759 martyrio

278 1763 319 1795 Se
343 1763 458 1796 fortem
481 1765 514 1795 in
540 1766 660 1804 proelio

323 1812 408 1844 Fore
432 1812 652 1854 perhortatur3

207 1859 244 1889 V.
280 1858 343 1890 Sub
368 1861 480 1898 petrae
503 1861 664 1898 praesidio

279 1905 379 1938 Facto
407 1906 565 1938 domicilio

328 1954 448 1985 Poenas
473 1958 670 1993 aspernatur.

219 2012 252 2043 3.
279 2010 303 2042 O
330 2012 448 2050 quanta
474 2010 623 2043 discretio

278 2058 398 2098 Piaque
425 2057 560 2098 devotio,

325 2106 440 2137 Lectus
466 2105 638 2137 adornatus

278 2153 433 2192 Splendet
457 2153 491 2184 in
515 2155 694 2195 propatulo,

279 2200 391 2232 Haesit
415 2201 449 2232 in
474 2201 615 2240 periculo

323 2248 441 2280 Latens
467 2248 649 2281 caelibatus.

207 2295 243 2329 V.
275 2296 313 2328 ln
337 2296 471 2328 laterum
495 2296 611 2329 lectulo

279 2344 423 2376 Christus
446 2344 539 2375 adest
562 2345 704 2378 clanculo

327 2391 436 2424 Visere
462 2392 617 2432 dignatus

900 1561 920 1591 [Ο

1018 216 1063 247 In
1091 215 1122 247 2,
1149 212 1380 244 Nocturno.

1102 315 1300 352 Antiphonae.

927 421 934 428 .
961 394 1122 436 Precibus,
1148 392 1273 425 ieiuniis

1008 444 1140 476 Carnem
1165 440 1372 480 reprimentes

959 489 1083 522 Divinis
1110 488 1240 528 eloquiis

1005 536 1080 569 Pias
1105 538 1240 576 pascunt
1263 537 1393 566 mentes.

958 613 1144 645 Sanctorum
1168 611 1318 643 ecclesias

1006 660 1108 699 Saepe
1132 659 1314 701 visitabant,

959 709 1136 748 Pauperum
1161 707 1283 738 inedias

1004 756 1061 788 Pie
1085 754 1279 788 relevabant.

956 831 1061 863 Morte
1087 832 1117 861 et
1142 839 1264 862 sacram
1288 828 1388 862 filiam

1005 878 1128 918 Sponsa
1152 878 1233 909 vidit
1254 878 1452 917 migrantem,

960 926 1034 958 Post
1059 925 1184 964 palmae
1204 934 1279 957 suae
1303 925 1446 956 nuntiam

1008 972 1095 1004 Vidit
1111 972 1179 1004 Deo
1204 974 1398 1013 regnantem.

1095 1076 1302 1111 Responsoria.

926 1179 932 1186 .
959 1154 1043 1185 Mire
1066 1153 1175 1192 sponsi
1199 1151 1373 1185 fructificat

1005 1201 1080 1233 Vita
1105 1199 1313 1242 proficientis,

958 1248 999 1280 Se
1022 1256 1140 1286 suaque
1166 1249 1375 1280 communicat

1004 1295 1043 1327 ln
1068 1303 1196 1326 carcere
1217 1295 1365 1334 detentis,

960 1343 1035 1374 Cum
1061 1342 1174 1381 quibus
1199 1351 1234 1373 se
1259 1342 1432 1375 mortificat

1006 1389 1232 1429 Compassione
1257 1392 1390 1432 mentis;

956 1437 1050 1469 Hunc
1075 1437 1136 1468 sibi
1160 1436 1299 1469 fructum
1325 1438 1475 1471 vendicat

1006 1486 1127 1517 Fervor
1151 1494 1287 1524 sponsae
1312 1486 1490 1526 prudentis.

924 1585 929 1591 .
958 1559 1113 1600 Concupit
1136 1560 1266 1593 Natalia

1005 1607 1092 1640 Caeli
1116 1608 1339 1649 hierarchiam,

960 1654 1129 1687 Concernit
1152 1656 1185 1687 in
1210 1656 1312 1696 gloria

1005 1703 1134 1735 Floram
1161 1706 1192 1735 et
1213 1704 1361 1746 Mariam,

958 1749 1116 1782 Docentes
1142 1751 1184 1783 ad
1208 1752 1342 1792 gloriam

1005 1797 1155 1837 Martyrii
1179 1799 1271 1831 viam.

957 1844 1092 1877 Servans
1116 1845 1238 1878 Rachel
1261 1847 1331 1879 lilia

958 1891 1107 1932 Sequitur
1128 1893 1268 1935 Natalia,

1005 1940 1183 1973 Fructuosa
1206 1942 1309 1977 Liam.

927 2041 933 2047 .
961 2014 1076 2055 Spreta
1102 2017 1213 2048 mundi
1237 2020 1345 2058 specie

957 2063 1017 2095 Pro
1044 2063 1192 2096 thesauro
1218 2066 1339 2105 gloriae

1005 2111 1126 2143 Cuncta
1149 2121 1206 2144 sua
1232 2115 1384 2157 vendunt,

959 2157 1051 2190 Laeti
1078 2159 1118 2190 de
1141 2163 1296 2200 pauperie

959 2205 1020 2237 Pro
1052 2207 1181 2238 caelesti
1206 2211 1325 2250 requie,

1006 2254 1096 2292 Quod
1120 2255 1249 2298 habent,
1276 2258 1477 2298 impendunt.

958 2300 1070 2336 Coram
1098 2301 1217 2335 Christi
1246 2303 1330 2337 facie

959 2349 1021 2381 Per
1045 2352 1171 2390 portam
1196 2354 1361 2393 angustiae

1007 2397 1123 2429 Venire
1146 2401 1351 2438 contendunt.
