1653 2567
646 140 809 176 ——1'72
871 159 913 164 —

293 241 337 273 In
364 237 595 273 Laudibus.
831 238 861 269 5.
887 234 1010 277 Lauda,
1039 235 1111 278 lege
1136 235 1169 265 et
1192 232 1282 274 aperi
1422 277 1428 283 Ι

347 290 541 326 Antiphonae.
885 282 1029 323 Librum,
1058 293 1151 325 quem
1170 280 1305 313 laudant
1321 286 1441 318 superi,

150 335 179 370 1.
207 335 314 368 Sancti
340 333 505 366 Francisci
530 332 685 372 ordinem,
937 330 1040 363 Iesum
1068 340 1137 364 esse
1163 327 1330 364 confixum,

202 382 282 415 Eius
308 390 431 413 sacram
456 380 607 420 originem
887 377 1039 411 Sermone
1064 380 1151 412 dulci
1177 376 1327 418 explicat,

253 429 431 469 splendore
456 427 660 460 collustratus
888 426 1032 458 Laudem
1057 427 1192 460 laudare
1216 423 1353 464 replicat

205 476 353 510 Ostendit.
375 475 437 508 Dei
463 474 561 514 digito
934 473 998 506 Per
1022 474 1179 515 virginem
1205 472 1341 505 enixum.

203 526 253 557 Ac
276 523 344 555 zelo
371 525 464 554 natus
482 522 570 554 licito

252 570 379 603 Gaudet
402 578 496 601 cruce
519 571 709 608 prostratus.

148 627 178 659 2.
205 624 327 656 Doctor
350 621 454 663 plebis
480 621 650 660 angelicus,
985 600 1031 628 Ad
1051 600 1238 629 Benedictus.

200 673 311 710 Fama,
336 670 403 701 vita
426 666 588 708 mirificus,
816 676 857 708 A,
889 677 998 709 Aurea
1021 678 1138 710 mundo

253 717 353 750 Laeto
380 717 476 748 corde
499 715 623 757 iubilat,
887 724 973 756 Luce
998 734 1155 764 respersa,

205 766 279 798 Iesu
304 765 488 805 amplexans
513 766 642 795 strenua
885 771 1040 805 Bameum
1067 771 1145 804 felix

206 813 309 846 Pedes
332 809 465 843 [lectitat.
487 819 589 851 genua
889 819 1031 861 Regium,
1059 829 1075 850 0
1102 828 1194 859 quam

252 860 298 891 Et
325 858 450 891 fervore
475 857 595 890 I'Utflat.
889 867 1041 899 Nascitur
1064 876 1196 907 njagnus

151 915 182 946 3.
208 912 363 946 Urentem
389 910 474 942 sitim
501 909 633 949 depulit,
887 914 936 946 EX
961 916 994 945 te
1019 914 1153 954 Olympo

207 960 290 991 Dum
317 956 435 990 fontem
461 956 513 988 Siti
538 956 674 996 protulit
886 961 1006 993 Doctor
1031 961 1162 994 edoctus

253 1005 394 1038 Sitientis
415 1004 447 1035 in
475 1012 578 1042 cruce,
886 1008 1006 1041 Nubila
1031 1009 1164 1050 pellens,

207 1052 403 1087 Lacrimanti
430 1051 586 1090 innititur,
887 1056 1041 1088 Tenebris
1066 1056 1207 1095 obstans,

208 1099 416 1133 Refocillatus
442 1097 566 1138 rapitur
886 1103 1120 1142 B0naventura,

256 1147 293 1179 ῙΠ
320 1155 395 1177 vera
418 1145 492 1177 Iesu
515 1145 595 1179 luce.
888 1150 1024 1182 Sceleris
1050 1150 1160 1189 sicque

149 1201 183 1232 4.
207 1199 376 1231 Hominum
403 1197 455 1229 hic
479 1196 677 1228 terrestrium
886 1197 976 1229 Duce
999 1200 1033 1228 te
1057 1201 1182 1228 nostros

209 1246 260 1278 Ad
285 1246 387 1276 instar
411 1252 431 1275 a
455 1252 489 1275 se
514 1244 696 1275 caelestium
887 1244 1003 1276 Irritae
1026 1245 1155 1276 manent

255 1292 374 1324 Factae
400 1292 494 1323 docet
517 1294 646 1322 naturas
889 1290 1027 1323 Semitae
1051 1292 1150 1330 pedes

207 1340 339 1379 Semper
361 1338 481 1370 habere
505 1335 645 1370 fervidas
888 1337 1000 1379 Dirige
1024 1341 1092 1370 tute

207 1386 344 1424 Manus,
369 1394 466 1425 puras
491 1387 522 1416 et
548 1384 702 1417 candidas
888 1386 980 1417 Viam
1004 1386 1037 1417 in
1057 1385 1158 1426 pacis,

256 1433 329 1465 Iesu
352 1434 485 1472 propter
507 1430 635 1464 fixuras.
889 1433 947 1465 Pie
971 1442 1148 1472 precamur.

217 1490 303 1517 Brev.
326 1497 377 1516 ms.
398 1489 623 1516 Franciscanum
646 1488 716 1515 anni
736 1485 820 1516 1492.
853 1488 923 1516 Cim.
943 1488 1096 1516 Monacen.
1119 1485 1227 1515 23152.
1249 1487 1283 1514 A.
1304 1501 1341 1507 --
1361 1487 1446 1515 Brev.

139 1528 302 1556 Romanum
330 1527 398 1562 imp.
426 1526 559 1553 Venetiis
590 1523 670 1553 1506.
696 1526 729 1553 B.
756 1540 793 1544 —-
818 1526 902 1554 BreV.
928 1527 1091 1554 Romanum
1119 1527 1188 1561 imp.
1209 1525 1342 1553 Venetiis
1366 1522 1446 1552 1512.

140 1565 172 1594 C.
203 1580 240 1585 —-
270 1565 355 1592 Brev.
382 1564 547 1592 Romanum
578 1565 648 1598 imp.
677 1563 807 1591 venetiis
836 1562 918 1592 1519.
944 1565 981 1592 D.
1008 1579 1045 1583 —
1073 1564 1162 1591 Brev.
1186 1564 1351 1591 Romanum
1376 1564 1446 1598 imp.

137 1603 270 1631 venetiis
293 1599 374 1630 1522.
400 1601 436 1629 Ε.
513 1601 556 1628 In
579 1600 603 1628 1.
623 1601 727 1636 Vesp.
747 1600 769 1627 A
791 1600 817 1637 5,
838 1601 856 1630 5
882 1604 916 1628 ut
942 1601 1054 1629 abnuas
1076 1601 1107 1629 O.
1132 1617 1168 1622 -—
1189 1602 1233 1629 Ad
1251 1601 1351 1637 Magn.
1376 1600 1408 1636 A,
1430 1598 1448 1628 3

136 1641 320 1676 Fervidaque
345 1640 431 1667 ΑΒΕ.
469 1654 475 1658 -
520 1639 607 1667 Iuvit.
629 1637 647 1665 2
674 1641 785 1667 as—terni
811 1640 872 1667 BE.
900 1654 937 1658 —
962 1640 1005 1667 In
1035 1639 1059 1667 1,
1080 1641 1181 1668 Noet-
1209 1639 1231 1666 A
1253 1637 1286 1673 2,
1310 1638 1324 1666 1
1351 1639 1448 1667 Diviti

140 1679 172 1707 C.
195 1694 228 1698 —
251 1676 273 1704 A
294 1676 326 1712 3,
347 1675 364 1705 3
385 1685 537 1714 quousque
557 1677 588 1704 Ε.
614 1691 647 1695 -
669 1675 689 1703 Β
713 1675 738 1710 2,
760 1675 777 1705 5
798 1678 977 1713 temporibus
999 1678 1059 1706 OD.
1083 1693 1118 1697 —
1141 1675 1162 1704 R
1184 1675 1213 1711 2,
1237 1675 1253 1704 9
1273 1678 1449 1713 praecipites

138 1717 227 1751 ABC;
246 1716 414 1752 praecipitis
428 1715 462 1742 Ε.
477 1731 514 1735 -
528 1715 568 1741 In
589 1713 614 1741 2.
634 1715 734 1742 Noct.
755 1715 777 1741 A
799 1713 825 1749 3,
849 1715 863 1743 1
886 1717 926 1744 Ut
948 1724 996 1743 ros
1017 1716 1052 1743 E.
1068 1732 1105 1736 —
1121 1714 1140 1742 R
1167 1714 1190 1750 1,
1206 1714 1224 1742 2
1244 1715 1346 1743 Scelus
1360 1715 1396 1742 E.
1412 1729 1448 1735 .-

141 1753 162 1781 R
184 1753 215 1788 1,
237 1753 255 1781 ὃ
274 1755 349 1781 mira
368 1754 466 1780 ornan·
490 1754 525 1780 D.
555 1767 589 1771 -—
615 1750 635 1777 R
656 1751 688 1787 2,
710 1751 727 1780 6
748 1753 873 1781 afferunt.
891 1754 924 1780 B.
953 1767 990 1773 -—
1017 1751 1037 1779 R
1058 1752 1091 1787 2,
1112 1752 1130 1782 9
1151 1754 1334 1789 signaculum
1354 1753 1390 1780 E.
1413 1768 1449 1773 —

141 1791 161 1819 R
184 1790 208 1826 3,
229 1790 247 1820 3
274 1792 358 1827 pavit
378 1791 413 1818 E.
451 1805 463 1809 —
511 1790 553 1818 In
582 1791 687 1817 Laud.
710 1788 732 1817 A
756 1790 779 1825 1,
799 1790 819 1818 4
845 1792 951 1819 Densit
976 1791 1032 1818 Dei
1053 1792 1146 1827 digito
1172 1790 1313 1819 ABODE.
1341 1806 1378 1810 —
1403 1791 1450 1819 Ad

138 1831 246 1858 Bened.
268 1829 299 1864 A,
321 1827 338 1857 3
360 1829 469 1856 Balneo
490 1826 630 1856 ABCDE.
652 1843 688 1847 —
709 1827 730 1854 A
751 1829 778 1862 4,
802 1827 816 1856 1
837 1830 958 1857 Homini
973 1829 1032 1857 AB.
1054 1844 1092 1850 —-
1111 1830 1166 1857 Bei
1187 1829 1237 1857 der
1258 1828 1279 1855 A
1301 1829 1338 1857 ad
1359 1830 1448 1858 Bene-

140 1869 234 1896 dictus
262 1867 309 1894 die
329 1866 513 1902 Bemerkung
535 1867 606 1901 „sub
627 1867 746 1902 propria
765 1866 852 1894 uota“
873 1867 942 1901 DE,
964 1875 1023 1894 was
1045 1868 1119 1896 auch
1141 1876 1201 1895 von
1222 1868 1272 1895 der
1293 1868 1330 1895 ad
1349 1868 1450 1905 Magn.

139 1906 207 1943 gilt,
240 1905 288 1933 die
315 1904 377 1933 sich
403 1906 435 1932 in
462 1904 512 1932 der
539 1902 564 1930 2.
585 1904 697 1940 Vesper
722 1905 907 1939 wiederholt;
938 1905 990 1933 das
1020 1907 1124 1942 iibrige
1153 1907 1194 1933 ist
1222 1905 1351 1933 niimlich
1378 1906 1449 1940 „sub

139 1943 227 1971 now*
255 1943 305 1970 des
324 1941 664 1970 Franciscus-offioiums
682 1942 856 1971 Franciscus
877 1944 924 1970 vir
944 1942 1115 1971 catholicus.
1155 1944 1216 1971 Der
1237 1945 1452 1972 versehrobene

141 1982 198 2009 Stil
227 1983 277 2009 des
303 1980 508 2018 Versificators
538 1980 606 2008 liel's
636 1981 719 2008 nicht
747 1981 984 2013 unterseheiden,
1017 1983 1053 2010 ob
1078 1981 1201 2009 manche
1225 1981 1337 2010 dunkle
1359 1981 1451 2010 Stelle

138 2021 289 2048 letzterem
309 2018 378 2047 oder
391 2019 442 2046 der
461 2018 688 2055 Uberlieferung
702 2027 754 2046 zur
766 2020 841 2047 Last
851 2019 926 2047 ffillt.
959 2019 1018 2046 Die
1030 2020 1229 2057 zugehtirigen
1239 2020 1378 2055 Hymnen
1391 2020 1451 2058 vgl.

140 2058 224 2086 Anal.
245 2057 356 2090 XXIII,
379 2058 429 2085 Nr.
452 2054 612 2084 243-246.

542 2120 589 2152 60.
619 2120 663 2152 De
684 2122 791 2153 saneto
814 2121 1044 2153 ssonaventura.

269 2173 286 2205 I
295 2183 315 2204 n
346 2172 376 2205 1.
406 2172 433 2204 V
448 2181 464 2203 e
474 2181 488 2203 s
498 2182 518 2212 p
529 2180 546 2202 e
555 2182 571 2203 r
580 2173 592 2203 i
601 2180 626 2205 s.
897 2173 994 2207 Sacra
1020 2174 1167 2213 dogmata
1192 2175 1318 2216 meruit,

896 2221 928 2253 Is
953 2222 1055 2254 Deum
1080 2230 1207 2262 semper
1230 2223 1363 2263 monuit,

356 2257 552 2294 Antiphonae.
946 2269 1027 2301 Prae
1052 2270 1173 2302 cunctis
1199 2271 1353 2304 adamari.

157 2326 187 2360 1.
215 2326 339 2358 Rutilat
362 2327 412 2357 vir
437 2325 628 2366 Seraphicus
840 2328 871 2359 2.
900 2325 1013 2367 Coepit
1039 2327 1088 2358 hic
1111 2336 1131 2359 a
1155 2327 1312 2367 principio

214 2374 258 2406 Et
283 2377 368 2406 totus
393 2373 598 2419 scientificus,
897 2375 1024 2407 Morum
1049 2383 1168 2407 vacare
1192 2376 1310 2417 studio,

260 2421 402 2454 Parisius
427 2421 538 2456 rimari
946 2422 1069 2455 Mundo
1094 2421 1132 2455 fit
1155 2423 1323 2466 gloriosus,
