1653 2567
663 103 899 139 —91—

132 199 164 231 3.
190 197 277 230 Hinc
302 202 431 231 sanctus
455 200 573 240 Ripam
599 201 689 242 eligit

239 245 483 288 Ecclesiamque
506 249 672 289 construit,

192 293 266 327 Illic
291 292 404 327 fideles
431 295 554 336 colligit

241 341 517 383 Presbyterosque
542 343 664 376 statuit.

282 467 329 498 In
353 465 589 500 Laudibus.

340 551 538 587 Antiphonae.

135 617 166 650 1.
192 619 328 651 Missam
354 619 416 652 sibi
441 620 645 660 prophetiam

241 667 346 700 Audit
368 668 419 700 vir
443 669 614 711 angelicus,

195 714 285 754 Quod
314 715 369 747 det
394 715 485 748 Sueis
512 716 591 748 caeli
620 716 711 756 viam,

240 762 315 795 Dux
340 762 378 795 fit
402 764 606 803 apostolicus.

158 846 164 853 .
191 820 245 852 Ad
272 819 412 853 Sueones
435 821 551 853 iterato

241 867 352 900 Missis
377 869 599 901 sacerdotibus

194 916 274 948 Voto
300 924 428 955 semper
451 919 537 949 astat
561 919 651 956 grato

241 964 304 996 Pro
330 963 393 995 Dei
417 963 604 997 cultoribus.

135 1022 167 1054 3.
194 1021 275 1053 Tam
300 1023 407 1053 aetate
431 1030 526 1061 quam
549 1020 661 1053 labore

243 1069 457 1108 Consumptus
482 1069 659 1108 Ansgarius

194 1116 295 1150 Gravi
321 1117 428 1156 coepit
451 1125 490 1147 ex
515 1116 667 1156 languore

243 1163 405 1196 Infirmari
430 1163 556 1196 fortius.

136 1223 170 1256 4.
196 1221 341 1254 Tandem
368 1221 464 1261 pellis
490 1220 560 1253 sola
584 1223 685 1252 restat

244 1269 321 1302 Cum
345 1269 453 1302 nervis
481 1272 512 1300 et
537 1267 672 1308 ossibus,

134 821 153 852 20

197 1317 297 1350 Totus
322 1320 430 1349 tamen
455 1316 582 1349 fervens
609 1318 713 1348 exstat

242 1365 280 1397 In
309 1364 425 1398 divinis
450 1364 610 1397 laudibus.

199 1431 286 1459 Brev.
306 1430 474 1466 Upsalense
498 1431 569 1466 imp.
590 1428 731 1457 Holmiae
762 1427 844 1458 1496.

824 203 855 236 5.
882 202 936 234 Ad
961 201 1138 241 augendam
1163 199 1259 232 fidem
1285 199 1404 232 Christi

929 249 1062 282 Fratres
1087 256 1195 280 omnes
1221 248 1348 287 excitat,

882 298 973 331 Intra
995 295 1094 329 fidem
1118 297 1228 337 gentes
1253 295 1325 328 sisti

928 345 997 377 Deo
1023 344 1154 384 plorans
1180 344 1350 384 supplicat.

1007 419 1054 447 Aa
1072 420 1258 447 Benedictus.

811 469 852 502 A.
883 468 1121 509 Languidorum
1145 467 1317 500 multitudo

932 516 1004 549 Suis
1030 517 1149 549 sanctis
1174 515 1324 556 precibus

885 564 997 605 Surgit
1020 573 1107 602 sana,
1135 562 1291 596 fortitudo

930 613 1100 652 Daturque
1126 611 1303 653 debilibus3

883 658 1086 692 infirmantes
1112 658 1324 698 adportantur

931 707 983 740 Ex
1010 707 1144 740 diversis
1168 706 1324 748 partibus,

886 755 1001 788 Omnes
1028 754 1187 787 Christum
1215 753 1404 786 confitentur

931 802 1101 835 Restitutis
1126 801 1259 835 viribus.

953 898 998 930 In
1027 899 1057 932 2.
1085 897 1307 937 Vesperis.

1006 971 1052 1000 Ad
1071 971 1252 1007 Magnificat,

814 1033 855 1064 A.
886 1031 925 1063 In
951 1033 1092 1064 extremo
1116 1033 1223 1063 terrae
1247 1031 1310 1063 sita

932 1078 995 1110 Est
1018 1077 1176 1110 Sueonum
1202 1078 1300 1120 regio,

885 1126 923 1157 In
948 1135 1075 1166 pagana
1099 1126 1195 1158 sorde
1219 1126 1297 1158 trita

933 1173 1088 1205 Traditur
1112 1174 1281 1214 Ansgari0‚

863 1223 926 1254 Per
952 1221 1129 1253 doctrinam
1156 1222 1239 1260 quod
1265 1221 1368 1261 polita

929 1269 1007 1302 Fiat
1028 1268 1184 1301 habitatio

887 1316 1023 1359 Christo,
1052 1317 1105 1357 qui
1131 1318 1178 1348 est
1203 1317 1258 1348 lux
1284 1319 1317 1348 et
1339 1316 1407 1349 vita

934 1364 1124 1405 Summaque
1148 1362 1314 1404 perfectio.

896 1444 904 1447 -
926 1430 983 1458 Die
1002 1429 1159 1457 fehlendon
1178 1429 1260 1458 Teile
1281 1430 1443 1466 prosaiseh.

119 1471 162 1498 111
181 1468 209 1499 3.
227 1470 331 1498 Noct.
350 1466 370 1495 R
394 1467 409 1496 1
429 1468 515 1504 fangt
534 1468 668 1504 poetisch
688 1476 734 1503 an,
756 1468 884 1496 verlauft
897 1469 968 1496 aber
984 1468 1138 1505 presai-<eh
1151 1469 1183 1496 in
1200 1468 1286 1496 einen
1299 1468 1437 1503 Vulgata-

120 1511 196 1537 text:
217 1508 253 1536 In
274 1507 388 1536 excelso
410 1507 514 1535 sedens
534 1506 640 1534 throno
662 1507 706 1534 sic
726 1508 770 1534 ait
782 1507 943 1542 AnsgariO:
964 1507 1081 1540 Audite,
1102 1505 1227 1539 insulae,
1249 1508 1279 1534 et
1298 1507 1437 1534 attendite

121 1547 225 1584 populi
241 1546 277 1575 de
294 1546 396 1582 longe,
426 1546 572 1573 Dominus
594 1544 630 1572 ab
651 1546 735 1572 utero
757 1546 877 1572 vocavit
895 1554 951 1573 me.
990 1545 1026 1573 V.
1047 1545 1093 1572 De
1116 1546 1216 1572 senti-e
1236 1546 1339 1572 matris
1359 1553 1437 1573 meae

120 1585 290 1614 recordatus
326 1586 371 1612 est
399 1585 530 1612 nominis
561 1585 627 1611 mei.
654 1599 691 1603 —
717 1581 763 1609 RE
790 1581 809 1610 2
833 1583 894 1611 und
920 1581 938 1611 3
963 1583 1030 1611 siml
1054 1590 1129 1620 ganz
1156 1582 1318 1619 prosaiseh.
1372 1584 1445 1611 Zum

121 1623 259 1653 Officium
269 1624 399 1660 gehoren
408 1622 458 1649 die
464 1621 616 1657 Hymnen:
628 1621 664 1649 In
676 1620 701 1649 1.
709 1622 811 1656 Vesp.:
825 1623 954 1658 Ansgari
964 1624 1048 1658 pater
1059 1620 1354 1658 <ptime(chmming
1364 1621 1388 1655 Ι,
1402 1619 1446 1657 1)·‚

121 1663 159 1690 ad
178 1662 312 1691 Laudes:
334 1660 418 1689 Vidit
437 1668 509 1696 puer
528 1660 692 1697 Ansgarius
712 1659 893 1696 (Klemming
913 1660 935 1694 Ι,
959 1659 993 1695 6),

576 1752 624 1784 32.
657 1752 700 1785 De
722 1755 829 1786 saneto
851 1753 995 1785 Antonio.

265 1827 312 1860 In
339 1827 370 1862 1.
398 1825 617 1866 Vesperis.

308 1902 404 1940 Super
424 1902 570 1931 Psalmos.

123 1962 163 1996 A.
194 1962 290 1995 Nunc
299 1964 467 2003 Aegyptus
481 1970 598 2003 parens
616 1960 756 2003 gaudeat

884 1825 989 1865 Abba,
1016 1826 1119 1867 pater,
1144 1825 1258 1865 gaude,

932 1882 1055 1906 summa
1081 1872 1266 1914 dignissime
1289 1872 1396 1912 laude,

813 1921 849 1955 V.
879 1921 925 1954 Et
946 1931 1068 1954 memor
1094 1924 1161 1953 esto
1187 1921 1292 1961 gregis

932 1978 1067 2010 poscens
1092 1971 1253 2001 consortia
1278 1969 1373 2011 regis.

158 2286 166 2293 .
197 2261 308 2304 Virgo,
334 2261 444 2297 fruens
469 2260 593 2294 meritis

197 2011 281 2045 Suae
305 2011 406 2050 prolis
433 2009 512 2043 dans
537 2008 703 2052 beneficia,

193 2058 239 2092 Et
265 2059 426 2091 desertum
453 2059 569 2091 decore
593 2056 708 2090 floreat

194 2107 336 2141 Antonio
360 2105 520 2147 praebens
546 2106 708 2146 obsequia,

195 2155 261 2188 Sed
285 2156 437 2188 Lesatum
464 2156 582 2187 virtute
606 2154 728 2194 polleat

196 2203 292 2236 Tanti
308 2204 413 2244 patris
427 2202 543 2237 fultum
559 2202 754 2243 praesentia.

1008 2021 1055 2049 Ad
1077 2019 1259 2057 Magnificat.

812 2066 853 2100 A.
884 2065 1008 2107 Migrat
1034 2065 1178 2107 gaudens

931 2116 1024 2154 pater
1047 2113 1216 2156 Antonius,

885 2162 1044 2195 Mundum
1068 2162 1216 2201 linquens

932 2209 1058 2251 peccati
1083 2209 1218 2248 nescius,

887 2258 933 2290 Et
957 2257 1012 2298 qui
1037 2260 1148 2290 sancte

934 2306 1017 2338 vixit
1042 2305 1172 2348 diutius,

888 2354 977 2387 Vivit
1000 2356 1131 2386 sanctus

937 2404 1121 2435 sanctorum
1145 2402 1262 2435 socius.

244 2310 422 2349 doctrinae,
449 2310 571 2342 caelica
596 2308 684 2349 vitis,

197 2359 320 2400 Regula
345 2358 485 2399 virtutis,

243 2406 325 2447 fons,
351 2416 413 2448 quo
438 2405 511 2441 fluit
526 2406 616 2441 unda
632 2404 758 2445 salutis,
