1653 2567
727 116 986 152 —235—

190 203 230 239 V.
261 205 300 237 In
325 205 438 238 labore
463 208 619 249 quidquid
645 212 783 253 stringit,
1045 215 1092 247 In
1116 214 1352 250 Laudibus.

264 252 369 285 Huius
394 256 498 287 sancti
522 265 587 289 non
613 259 788 300 exstinguit

311 300 439 334 Amoris
464 304 726 344 magnitudinem.
1099 299 1294 335 Antiphonae.

896 357 925 389 1.
953 357 1105 389 Sanctum
1130 358 1237 391 David
1264 359 1429 391 decoravit

1000 404 1105 446 Larga
1132 406 1191 437 Dei
1216 406 1350 439 dextera

950 452 989 484 1n
1014 454 1063 484 tot
1086 453 1184 494 signis
1208 453 1274 486 fide
1299 453 1402 495 dignis

405 512 605 549 Antiphonae.
1000 500 1063 532 Per
1087 501 1240 533 virtutum
1265 510 1372 541 opera.

893 557 924 588 2.
952 557 1157 598 Iucundatur,
1184 558 1362 599 gratuletur

998 604 1081 636 Tota
1104 608 1192 637 terra
1217 606 1359 647 Sueciae,

951 652 1072 684 Sonant
1094 653 1148 694 pie
1172 652 1371 686 hierarchiae

999 699 1094 731 Nunc
1119 700 1265 733 caelestis
1292 702 1408 734 curiae.

890 757 922 789 3.
949 757 985 789 In
1013 757 1182 797 praeclara
1207 758 1288 790 caeli
1312 768 1378 799 ara,

996 804 1094 845 Deus,
1120 807 1225 837 tecum
1249 806 1363 846 vigilat

950 852 1069 894 David,
1094 853 1197 885 laetus
1224 856 1256 884 et
1280 856 1405 893 quietus

997 900 1044 931 Te
1069 899 1204 933 fruendo
1229 901 1350 934 rutilat.

889 958 920 988 4.
946 958 1056 995 Astra,
1085 957 1232 1000 mundus,
1259 959 1366 990 terrae
1390 957 1508 991 fundus

996 1004 1195 1036 Benedicant
1217 1004 1398 1045 Dominum,

949 1051 1008 1090 Qui
1033 1055 1098 1084 tam
1124 1052 1242 1084 bonum
1266 1052 1321 1084 dat
1338 1057 1506 1094 patronum

994 1100 1032 1132 In
1057 1101 1192 1132 salutem
1217 1100 1388 1133 hominum.

888 1156 919 1187 5.
946 1155 996 1188 Sit
1022 1156 1148 1195 decora,
1175 1157 1218 1188 sit
1241 1165 1357 1189 sonora

994 1203 1133 1235 Suenum
1158 1204 1301 1236 laudatio

325 425 371 457 In
399 428 431 460 3.
459 427 689 461 Nocturno.

202 580 234 613 1.
260 578 401 612 Verbum
427 582 516 623 serit,
543 585 677 615 mortem
697 585 823 625 quaerit

310 626 459 660 Clamans
485 628 680 671 infidelibus,

258 675 306 708 Ut
331 676 508 722 quiescant,
534 679 728 718 resipiscant

307 722 358 755 Ab
384 723 545 756 idolorum
571 726 718 762 cultibus,

201 782 233 813 2.
262 780 356 813 Solus
381 784 454 813 orat
477 785 581 826 nocte,
608 786 698 815 rorat

307 827 414 861 Crenas
440 830 549 861 multis
573 831 716 865 lacrimis

256 876 321 908 Pro
346 885 499 909 novorum
526 886 748 913 conversorum

305 923 536 958 Confortanslis
561 927 685 960 animis,

196 982 227 1015 3.
252 981 420 1024 Elevatur‚
446 981 697 1016 transformatur

304 1029 341 1062 In
359 1030 488 1070 globum
506 1031 586 1063 lucis
599 1032 815 1073 splendidum,

256 1077 341 1109 Vere
366 1086 474 1110 rarum
500 1081 564 1110 tam
590 1079 794 1119 praeclarum

303 1124 413 1157 Sancti
439 1126 660 1167 privilegium!

395 1221 605 1257 Responsoria.
1012 1251 1018 1257 ,
1063 1252 1069 1258 ,
1118 1252 1124 1257 ,
1307 1253 1314 1258 ,
1362 1253 1368 1258 ,

945 1252 984 1284 In
1009 1260 1126 1292 insigni
1152 1254 1216 1283 tam
1243 1251 1371 1292 benigni

196 1291 227 1323 1.
254 1288 419 1321 Affectans
446 1298 505 1329 per
530 1289 721 1330 martyrium
994 1299 1106 1332 Sanofi
1131 1299 1288 1332 natalitio,

302 1336 399 1369 Suum
427 1346 544 1378 augere
568 1337 715 1370 meritum

257 1385 384 1426 Plagas,
410 1386 524 1424 minas,
552 1385 707 1418 auxilium
1061 1393 1108 1421 Ad
1128 1393 1315 1421 Benedictus.

303 1432 378 1465 Non
403 1433 496 1464 timet
521 1441 581 1465 nec
605 1434 790 1472 interitum3

180 1480 219 1516 V,
251 1481 381 1513 Amoris
407 1479 606 1513 stillicidium

301 1527 355 1561 Sic
379 1527 520 1560 inebriat
544 1529 701 1569 spiritum.

876 1461 918 1494 A.
950 1463 1024 1500 Ora,
1051 1462 1164 1504 psalle,
1190 1464 1283 1503 pater
1307 1461 1426 1501 David,

994 1510 1107 1542 Coram
1134 1519 1211 1542 arca
1233 1508 1384 1552 foederis,

946 1557 1012 1589 Nos
1041 1565 1207 1598 excusans,
1234 1566 1313 1597 quos
1330 1557 1508 1598 prostravit

196 1589 228 1620 2·
249 1586 379 1639 Inveni}
403 1586 647 1640 m0d⁰S‚V,aFi⁰S
993 1606 1145 1637 Preniens
1168 1605 1256 1637 unda
1280 1604 1419 1647 sceleris,

299 1634 392 1666 Paffls
415 1635 446 1665 et
472 1637 643 1675 ammmae’
680 1682 687 1688 ,
943 1652 990 1685 Ut
1014 1652 1129 1685 salvati
1152 1653 1212 1685 tibi
1239 1652 1346 1684 demus

252 1682 316 1714 Per
340 1690 419 1722 quos
441 1682 559 1713 multos
585 1681 725 1736 nefarios
991 1700 1138 1733 Laudum
1165 1701 1273 1733 decem
1298 1701 1388 1732 mffia

277 1729 503 1783 ,Lucrabatm'
529 1730 694 1783 9091051361
941 1749 987 1781 Et
1013 1749 1155 1781 viventes
1181 1756 1364 1781 enarremus

182 1777 220 1813 V·
252 1778 306 1810 3¹⁶
331 1776 432 1810 fortes
458 1786 623 1818 operanos
990 1796 1097 1838 Larga
1123 1796 1242 1829 Christi
1266 1796 1437 1837 magnalia.

297 1824 400 1860 Auxit
425 1825 553 1859 Christo
580 1826 708 1860 cotidie.

188 1886 221 1918 3.
248 1884 346 1916 Pater
369 1883 487 1924 David,
515 1883 618 1924 stirpe
642 1884 757 1925 clarus,
1323 1921 1329 1927 ⁸

248 1932 325 1964 Vita
349 1932 460 1973 iustus,
488 1934 559 1964 arte
585 1941 713 1975 gnarus,
1016 1921 1062 1954 ῙΠ
1090 1923 1122 1954 2·
1149 1922 1366 1962 VOSPffllS·

293 1979 402 2021 Digna
424 1980 533 2020 proles
553 1980 702 2034 Ang15a0‚
1061 2007 1105 2035 Aa
1127 2007 1309 2035 Maffnificat.

248 2029 313 2062 Cur
336 2028 455 2062 venisti
482 2028 522 2060 de
546 2032 678 2060 remotis
1179 2033 1196 2045 0

242 2077 280 2109 In
305 2075 445 2109 indoctis
472 2075 596 2115 Suenis‚
625 2075 716 2109 Grotis
869 2076 910 2109 A.
944 2075 1062 2109 Christi
1089 2077 1209 2117 templo
1236 2076 1446 2116 comportavit

295 2123 388 2156 Viam
409 2123 496 2157 vitae
521 2123 701 2164 quaerere?
986 2124 1121 2165 Aurum,
1148 2133 1202 2156 aes
1229 2125 1261 2155 ot
1286 2124 1393 2164 ebora,

246 2172 324 2204 Vidi
351 2173 454 2204 claras
479 2173 682 2214 margaritas,
942 2173 1031 2212 Quae
1056 2171 1216 2213 Sigfridus
1243 2171 1406 2212 copulavit

245 2220 338 2253 Licet
364 2221 433 2252 luto
460 2220 621 2265 delinitas7
989 2220 1101 2253 Firma
1122 2224 1251 2252 nectens
1277 2228 1416 2260 ancora;

293 2268 440 2302 Iacentes
465 2268 500 2300 in
524 2270 669 2309 pulvere,
940 2268 1033 2301 1llius
1058 2268 1172 2310 templi
1195 2267 1322 2310 lapides

175 2318 214 2350 V.
244 2317 419 2350 Derelictis
444 2326 554 2359 regno,
582 2319 685 2358 patre,
991 2316 1134 2349 Aeterna
1159 2315 1281 2350 Christi
1305 2316 1423 2349 caritas

244 2364 353 2397 Rebus
380 2366 463 2397 caris
489 2367 587 2405 atque
611 2367 714 2398 matre
940 2363 1007 2397 Nos
1032 2364 1144 2406 iungat
1169 2368 1201 2398 et
1224 2373 1302 2398 vera
1325 2363 1407 2397 fides

293 2412 363 2447 Has
387 2413 535 2447 volebam
561 2422 677 2445 emere.
988 2413 1039 2445 Ac
1062 2413 1138 2445 almi
1161 2413 1269 2448 David
1295 2413 1461 2447 sanctitas.
