1653 2567
210 214 303 249 Salus
328 215 490 249 confertur

258 263 356 296 debili
380 264 509 303 homini,

210 310 291 342 Dum
316 313 380 342 tam
408 311 565 343 excellens

257 359 351 390 datur
376 359 528 390 ecclesiae

209 406 238 436 A
262 414 400 446 superno

259 454 389 485 doctore
412 451 567 495 pontifex,

207 500 361 532 Mundum
386 500 583 539 praecellens

255 547 363 579 subdit
386 547 513 586 inopiae

209 593 340 626 Carnem
365 602 497 634 magnus

253 642 403 673 virtutum
429 639 547 681 opifex.

268 735 330 768 Ad
354 736 625 768 Matutinum.

344 800 558 828 Invitatorium.

210 849 381 880 Iubilemus
403 849 539 881 Domino

254 895 366 928 Gordis
393 898 425 926 et
449 896 534 928 vocis
563 895 674 929 iubilo«

206 943 262 981 Qui
290 943 417 974 beatum
441 942 644 974 Ambrosium

251 989 339 1021 Tulit
364 989 404 1020 de
428 989 535 1021 mundi
562 989 680 1023 nubiIO.

267 1085 310 1116 In
338 1084 368 1116 1.
394 1083 626 1117 Nocturno.

354 1148 550 1184 Antiphonae.

172 1232 179 1239 .
206 1206 300 1238 Hunc
325 1206 498 1247 pretiosum
519 1207 701 1238 thesaurum

208 1254 241 1284 In
269 1252 398 1285 fornace
423 1254 510 1285 velut
534 1263 642 1285 aurum

205 1301 347 1333 Probans
373 1299 476 1332 factor
500 1301 718 1332 universorum

206 1348 259 1379 Ad
277 1356 446 1387 supernum
466 1347 599 1380 deduxit
617 1348 755 1380 chorum.

171 1429 178 1435 .
206 1403 341 1436 Perfidis
365 1404 555 1436 Arianorum

206 1450 304 1482 Sacra
329 1452 559 1490 evangeliorum

254 1498 350 1529 Dicta
376 1498 447 1529 dum
474 1504 633 1543 opposult,

206 1545 284 1576 Mox
305 1546 445 1577 versutia
474 1553 580 1577 eorum

212 1592 303 1623 Velut
326 1601 402 1632 gens
429 1592 658 1625 Genioncorum

254 1640 418 1678 Absorpta
444 1640 609 1678 disparuit.

174 1725 180 1731 .
207 1697 245 1728 In
269 1705 363 1728 manu
387 1696 478 1728 huius
505 1705 622 1729 corona

254 1743 358 1775 Fulsit
386 1744 644 1783 pulchritudinis,

209 1790 299 1821 Vitae
324 1790 398 1822 dum
423 1795 570 1822 aeternae
597 1792 679 1823 dona

261 1837 456 1877 Propinabat
479 1838 628 1877 propriis

343 1912 548 1948 Responsoria.

173 1990 180 1997 ,
207 1961 270 1992 Hic
296 1962 344 1993 vir
365 1969 498 2001 magnae

254 2009 286 2040 in
315 2008 440 2041 Christo
469 2009 590 2049 gratiae

206 2056 244 2087 In
271 2056 421 2087 virtutum

253 2102 404 2143 effulgens
429 2104 498 2135 acie

205 2150 344 2191 Eligitur

253 2207 272 2229 a
299 2197 420 2229 cunctis
445 2196 600 2238 pontifex,

208 2244 441 2284 Scripturarum

255 2292 439 2333 praeclarus
469 2292 586 2333 opifex,

136 2341 173 2373 V.
208 2340 272 2373 Cur
295 2341 342 2372 sol
367 2338 457 2371 fulsit

252 2387 286 2419 in
310 2388 429 2427 templo
454 2388 593 2422 Domini.

772 117 818 154 42

837 217 868 248 2.
893 216 1071 248 Deeomtus

940 263 993 294 hic
1015 262 1188 303 pontificio,

892 310 999 343 Plebis
1026 310 1144 343 Christi

939 362 1048 397 pastor
1073 357 1230 395 humilior,

891 406 990 438 Gravi
1017 414 1143 437 carnem

939 455 1058 484 tractat
1082 450 1249 491 supplicio,

890 500 931 532 Se
956 500 1114 540 castigans

938 547 1050 578 doctor
1077 546 1230 583 nobilior-3

849 619 857 626 .
889 594 951 626 Hie
977 602 1069 625 verus
1094 593 1250 634 Israelita,

889 642 927 673 In
953 649 1013 680 quo
1037 648 1101 672 non
1127 643 1175 671 est
1201 639 1302 671 dolus.

856 722 864 730 .
890 697 1061 730 Prudentis
1085 696 1177 727 huius
1203 704 1242 727 ex
1267 702 1323 726 ore

890 743 999 776 Verba
1023 744 1108 775 vitae
1132 743 1237 774 mellis
1262 749 1351 772 more

936 789 1122 822 Effluebant
1146 789 1285 829 suavius,

890 837 1085 870 Pontificalis
1111 838 1185 869 dum
1209 845 1304 868 curae

890 883 1087 924 Praefectus,
1115 893 1226 916 sacrae
1253 884 1433 922 s‹·r1'pturae

937 931 1064 970 Orpheo
1090 930 1175 962 fudit
1199 931 1322 963 dulcius

887 977 1087 1013 Ambrosius,
1114 977 1316 1009 Mediolanus

887 1025 1018 1057 Electus
1043 1027 1076 1056 in
1102 1023 1296 1063 pontificem,

957 1148 1003 1180 In
1031 1149 1063 1180 2.
1089 1146 1322 1179 Nocturno.

1029 1221 1227 1255 Antiphonae.

857 1305 864 1312 .
887 1279 948 1311 Vir
973 1278 1102 1311 effectus
1128 1281 1205 1310 tunc
1228 1278 1377 1311 robustus

936 1326 1046 1358 Sectas
1072 1326 1160 1365 rupit
1179 1335 1414 1368 perversorum,

890 1374 1012 1413 Castus,
1038 1373 1166 1405 humilis
1193 1376 1226 1405 et
1249 1373 1360 1413 iustus,

933 1420 1043 1452 Fortis
1067 1423 1156 1452 tutor
1182 1421 1418 1460 depressorum.

854 1503 860 1509 .
886 1476 1161 1510 Desiderabiliora

936 1524 1039 1564 Super
1069 1524 1132 1555 mel
1159 1527 1191 1556 et
1215 1522 1320 1556 favum
1348 1525 1447 1557 verba

888 1572 1045 1611 Propinat,
1068 1572 1122 1603 hic
1146 1572 1216 1603 sine
1240 1581 1340 1611 mora,

936 1620 1023 1651 Vitia
1047 1618 1136 1659 fugat
1161 1619 1288 1653 acerba.

853 1701 860 1708 .
888 1679 914 1708 A
941 1679 984 1715 te,
1012 1676 1147 1712 Christe,
1176 1676 1320 1708 eruditus

936 1723 1055 1754 Beatus
1084 1723 1273 1756 Ambrosius

887 1770 948 1802 Est
974 1770 1091 1801 virtute
1114 1771 1283 1811 insignitus

934 1816 1083 1849 Pontifex
1113 1818 1257 1849 eximiuS.

1030 1892 1236 1927 Responsoria.

856 1976 862 1982 .
890 1950 953 1982 Hic
977 1951 1108 1990 angelus
1134 1951 1326 1990 testamenti,

888 1997 1009 2029 Misero
1036 1997 1186 2029 fulcimen
1211 1997 1300 2029 flenti

938 2044 985 2076 Ob
1012 2045 1122 2085 culpas
1148 2044 1314 2085 perfidiae,

888 2092 1012 2125 Extolli
1037 2091 1132 2124 debet
1157 2093 1295 2124 iucundo

888 2140 1085 2172 Psalmorum
1112 2142 1206 2171 cantu
1230 2140 1264 2171 in
1289 2141 1408 2174 mundo

937 2187 1080 2219 Renatus
1105 2185 1165 2218 flos
1191 2188 1354 2221 bonariae.

849 2260 856 2267 .
887 2234 1033 2275 Diligere
1070 2238 1148 2272 tua,
1191 2235 1267 2267 Iesu
1311 2235 1445 2280 Christe,

886 2291 945 2314 nos
972 2282 1080 2314 docuit
1103 2281 1298 2315 Ambrosius
1322 2285 1428 2317 verba.

853 2365 860 2371 .
886 2339 1012 2371 Clamor
1036 2339 1141 2380 plebis

938 2388 1084 2420 aseendit
1108 2388 1218 2433 altior,
