<?xml version="1.0" encoding="UTF-8"?>
<!DOCTYPE html PUBLIC "-//W3C//DTD XHTML 1.0 Transitional//EN"
    "http://www.w3.org/TR/xhtml1/DTD/xhtml1-transitional.dtd">
<html xmlns="http://www.w3.org/1999/xhtml" xml:lang="en" lang="en">
 <head>
  <title>
</title>
<meta http-equiv="Content-Type" content="text/html;charset=utf-8" />
  <meta name='ocr-system' content='tesseract 3.04.00' />
  <meta name='ocr-capabilities' content='ocr_page ocr_carea ocr_par ocr_line ocrx_word'/>
</head>
<body>
  <div class='ocr_page' id='page_1' title='image "./analectahymnica25drevuoft_00036.png"; bbox 0 0 1653 2567; ppageno 0'>
   <div class='ocr_carea' id='block_1_1' title="bbox 673 89 911 124">
    <p class='ocr_par' dir='ltr' id='par_1_1' title="bbox 673 89 911 124">
     <span class='ocr_line' id='line_1_1' title="bbox 673 89 911 124; baseline 0 -9"><span class='ocrx_word' id='word_1_1' title='bbox 673 89 911 124; x_wconf 58' lang='lat'><strong>—33‘</strong></span> 
     </span>
    </p>
   </div>
   <div class='ocr_carea' id='block_1_2' title="bbox 199 186 1450 658">
    <p class='ocr_par' dir='ltr' id='par_1_2' title="bbox 199 186 1450 658">
     <span class='ocr_line' id='line_1_2' title="bbox 957 186 1307 224; baseline 0 -6"><span class='ocrx_word' id='word_1_2' title='bbox 957 186 1004 218; x_wconf 83' lang='lat' dir='ltr'>In</span> <span class='ocrx_word' id='word_1_3' title='bbox 1030 187 1061 217; x_wconf 88' lang='lat'>2.</span> <span class='ocrx_word' id='word_1_4' title='bbox 1090 186 1307 224; x_wconf 83' lang='lat' dir='ltr'>Vesperis.</span> 
     </span>
     <span class='ocr_line' id='line_1_3' title="bbox 1008 240 1256 277; baseline -0.004 -8"><span class='ocrx_word' id='word_1_5' title='bbox 1008 241 1054 269; x_wconf 85' lang='lat' dir='ltr'>Ad</span> <span class='ocrx_word' id='word_1_6' title='bbox 1074 240 1256 277; x_wconf 74' lang='lat' dir='ltr'>Magnificat-</span> 
     </span>
     <span class='ocr_line' id='line_1_4' title="bbox 202 282 1259 326; baseline -0.002 -9"><span class='ocrx_word' id='word_1_7' title='bbox 202 285 227 317; x_wconf 93' lang='grc' dir='ltr'>Ο</span> <span class='ocrx_word' id='word_1_8' title='bbox 253 282 474 316; x_wconf 81' lang='lat' dir='ltr'>confessorum</span> <span class='ocrx_word' id='word_1_9' title='bbox 499 285 589 317; x_wconf 87' lang='lat' dir='ltr'>sidus</span> <span class='ocrx_word' id='word_1_10' title='bbox 616 285 746 326; x_wconf 83' lang='lat' dir='ltr'>clarum,</span> <span class='ocrx_word' id='word_1_11' title='bbox 817 286 858 319; x_wconf 91' lang='lat' dir='ltr'>A.</span> <span class='ocrx_word' id='word_1_12' title='bbox 890 285 915 317; x_wconf 94' lang='lat' dir='ltr'>O</span> <span class='ocrx_word' id='word_1_13' title='bbox 941 284 1043 317; x_wconf 85' lang='lat' dir='ltr'>virum</span> <span class='ocrx_word' id='word_1_14' title='bbox 1069 285 1259 323; x_wconf 84' lang='lat' dir='ltr'>mirabilem,</span> 
     </span>
     <span class='ocr_line' id='line_1_5' title="bbox 199 331 1260 373; baseline 0 -10"><span class='ocrx_word' id='word_1_15' title='bbox 199 331 373 372; x_wconf 82' lang='lat' dir='ltr'>Exstiugui</span> <span class='ocrx_word' id='word_1_16' title='bbox 390 332 518 372; x_wconf 87' lang='lat' dir='ltr'>quinon</span> <span class='ocrx_word' id='word_1_17' title='bbox 535 332 632 373; x_wconf 84' lang='lat' dir='ltr'>vales,</span> <span class='ocrx_word' id='word_1_18' title='bbox 653 342 760 365; x_wconf 85' lang='lat' dir='ltr'>earum</span> <span class='ocrx_word' id='word_1_19' title='bbox 889 332 1038 365; x_wconf 80' lang='lat' dir='ltr'>Alexium</span> <span class='ocrx_word' id='word_1_20' title='bbox 1064 332 1260 364; x_wconf 76' lang='lat' dir='ltr'><strong>laudabilem</strong></span> 
     </span>
     <span class='ocr_line' id='line_1_6' title="bbox 247 378 1204 422; baseline 0.001 -12"><span class='ocrx_word' id='word_1_21' title='bbox 247 379 443 411; x_wconf 84' lang='lat' dir='ltr'>Thesaurum</span> <span class='ocrx_word' id='word_1_22' title='bbox 470 379 563 411; x_wconf 81' lang='lat' dir='ltr'>nobis</span> <span class='ocrx_word' id='word_1_23' title='bbox 588 382 729 422; x_wconf 81' lang='lat' dir='ltr'>praesta,</span> <span class='ocrx_word' id='word_1_24' title='bbox 890 378 961 411; x_wconf 85' lang='lat' dir='ltr'>Suis</span> <span class='ocrx_word' id='word_1_25' title='bbox 982 379 1017 411; x_wconf 88' lang='lat' dir='ltr'>in</span> <span class='ocrx_word' id='word_1_26' title='bbox 1040 380 1204 419; x_wconf 75' lang='lat' dir='ltr'>operibus,</span> 
     </span>
     <span class='ocr_line' id='line_1_7' title="bbox 248 425 1318 467; baseline -0.001 -9"><span class='ocrx_word' id='word_1_27' title='bbox 248 426 298 458; x_wconf 88' lang='lat' dir='ltr'>Ne</span> <span class='ocrx_word' id='word_1_28' title='bbox 322 428 435 458; x_wconf 88' lang='lat' dir='ltr'>mortis</span> <span class='ocrx_word' id='word_1_29' title='bbox 460 429 565 459; x_wconf 83' lang='lat' dir='ltr'>taetra</span> <span class='ocrx_word' id='word_1_30' title='bbox 587 429 671 459; x_wconf 83' lang='lat' dir='ltr'>testa</span> <span class='ocrx_word' id='word_1_31' title='bbox 888 426 974 459; x_wconf 83' lang='lat' dir='ltr'>Diva</span> <span class='ocrx_word' id='word_1_32' title='bbox 999 436 1079 467; x_wconf 85' lang='lat' dir='ltr'>quae</span> <span class='ocrx_word' id='word_1_33' title='bbox 1104 425 1182 459; x_wconf 83' lang='lat' dir='ltr'>fecit</span> <span class='ocrx_word' id='word_1_34' title='bbox 1207 426 1318 467; x_wconf 86' lang='lat' dir='ltr'>virtus,</span> 
     </span>
     <span class='ocr_line' id='line_1_8' title="bbox 892 473 1244 515; baseline 0.003 -9"><span class='ocrx_word' id='word_1_35' title='bbox 892 473 987 506; x_wconf 84' lang='lat' dir='ltr'>Cuius</span> <span class='ocrx_word' id='word_1_36' title='bbox 1012 483 1072 515; x_wconf 87' lang='lat' dir='ltr'>per</span> <span class='ocrx_word' id='word_1_37' title='bbox 1096 475 1244 507; x_wconf 86' lang='lat' dir='ltr'>iuvamen</span> 
     </span>
     <span class='ocr_line' id='line_1_9' title="bbox 890 522 1309 563; baseline 0.002 -10"><span class='ocrx_word' id='word_1_38' title='bbox 890 522 1045 555; x_wconf 80' lang='lat' dir='ltr'>&#39;Nostrum</span> <span class='ocrx_word' id='word_1_39' title='bbox 1070 522 1177 563; x_wconf 82' lang='lat' dir='ltr'>pietur</span> <span class='ocrx_word' id='word_1_40' title='bbox 1201 522 1309 555; x_wconf 77' lang='lat' dir='ltr'>famen</span> 
     </span>
     <span class='ocr_line' id='line_1_10' title="bbox 889 568 1427 609; baseline -0.002 -7"><span class='ocrx_word' id='word_1_41' title='bbox 889 569 1016 609; x_wconf 87' lang='lat' dir='ltr'>Detque</span> <span class='ocrx_word' id='word_1_42' title='bbox 1041 579 1168 602; x_wconf 84' lang='lat' dir='ltr'>sacrum</span> <span class='ocrx_word' id='word_1_43' title='bbox 1193 570 1286 603; x_wconf 84' lang='lat' dir='ltr'>nobis</span> <span class='ocrx_word' id='word_1_44' title='bbox 1311 568 1427 601; x_wconf 86' lang='lat' dir='ltr'>flamen</span> 
     </span>
     <span class='ocr_line' id='line_1_11' title="bbox 891 616 1450 658; baseline 0 -9"><span class='ocrx_word' id='word_1_45' title='bbox 891 616 986 650; x_wconf 87' lang='lat' dir='ltr'>Nunc</span> <span class='ocrx_word' id='word_1_46' title='bbox 1011 621 1041 650; x_wconf 90' lang='lat' dir='ltr'>et</span> <span class='ocrx_word' id='word_1_47' title='bbox 1060 627 1186 658; x_wconf 89' lang='lat' dir='ltr'>semper</span> <span class='ocrx_word' id='word_1_48' title='bbox 1202 619 1300 653; x_wconf 83' lang='lat' dir='ltr'>Deus.</span> <span class='ocrx_word' id='word_1_49' title='bbox 1335 619 1450 650; x_wconf 87' lang='lat' dir='ltr'>Amen.</span> 
     </span>
    </p>
   </div>
   <div class='ocr_carea' id='block_1_3' title="bbox 203 188 729 270">
    <p class='ocr_par' dir='ltr' id='par_1_3' title="bbox 203 188 729 270">
     <span class='ocr_line' id='line_1_12' title="bbox 203 188 551 234; baseline 0.003 -13"><span class='ocrx_word' id='word_1_50' title='bbox 203 188 404 221; x_wconf 71' lang='lat' dir='ltr'>sinceritatis</span> <span class='ocrx_word' id='word_1_51' title='bbox 429 198 551 234; x_wconf 79' lang='lat' dir='ltr'>azyma,</span> 
     </span>
     <span class='ocr_line' id='line_1_13' title="bbox 249 235 729 270; baseline 0.006 -3"><span class='ocrx_word' id='word_1_52' title='bbox 249 236 322 268; x_wconf 84' lang='lat' dir='ltr'>Non</span> <span class='ocrx_word' id='word_1_53' title='bbox 349 235 541 269; x_wconf 85' lang='lat' dir='ltr'>fermentum</span> <span class='ocrx_word' id='word_1_54' title='bbox 565 238 729 270; x_wconf 86' lang='lat' dir='ltr'>sumendo.</span> 
     </span>
    </p>
   </div>
   <div class='ocr_carea' id='block_1_4' title="bbox 199 473 758 657">
    <p class='ocr_par' dir='ltr' id='par_1_4' title="bbox 200 473 753 612">
     <span class='ocr_line' id='line_1_14' title="bbox 201 473 738 508; baseline 0.002 -3"><span class='ocrx_word' id='word_1_55' title='bbox 201 473 268 506; x_wconf 87' lang='lat' dir='ltr'>Nos</span> <span class='ocrx_word' id='word_1_56' title='bbox 294 473 451 508; x_wconf 81' lang='lat' dir='ltr'><strong>obfuscet.</strong></span> <span class='ocrx_word' id='word_1_57' title='bbox 491 474 570 507; x_wconf 87' lang='lat' dir='ltr'>Post</span> <span class='ocrx_word' id='word_1_58' title='bbox 592 475 655 507; x_wconf 82' lang='lat' dir='ltr'>hoc</span> <span class='ocrx_word' id='word_1_59' title='bbox 679 483 738 507; x_wconf 86' lang='lat' dir='ltr'>vae</span> 
     </span>
     <span class='ocr_line' id='line_1_15' title="bbox 200 522 753 563; baseline -0.002 -9"><span class='ocrx_word' id='word_1_60' title='bbox 200 522 252 554; x_wconf 83' lang='lat' dir='ltr'>Ad</span> <span class='ocrx_word' id='word_1_61' title='bbox 278 522 386 554; x_wconf 76' lang='lat' dir='ltr'>caelos</span> <span class='ocrx_word' id='word_1_62' title='bbox 410 523 504 555; x_wconf 73' lang='lat' dir='ltr'>trahe</span> <span class='ocrx_word' id='word_1_63' title='bbox 528 530 586 554; x_wconf 80' lang='lat' dir='ltr'>nos</span> <span class='ocrx_word' id='word_1_64' title='bbox 610 525 687 563; x_wconf 81' lang='lat' dir='ltr'>post</span> <span class='ocrx_word' id='word_1_65' title='bbox 708 525 753 563; x_wconf 90' lang='lat' dir='ltr'>te,</span> 
     </span>
     <span class='ocr_line' id='line_1_16' title="bbox 200 567 585 612; baseline 0 -10"><span class='ocrx_word' id='word_1_66' title='bbox 200 570 262 602; x_wconf 89' lang='lat' dir='ltr'>Dei</span> <span class='ocrx_word' id='word_1_67' title='bbox 293 567 403 601; x_wconf 87' lang='lat' dir='ltr'>confer</span> <span class='ocrx_word' id='word_1_68' title='bbox 427 569 585 612; x_wconf 88' lang='lat' dir='ltr'>iuvamen⁷</span> 
     </span>
    </p>

    <p class='ocr_par' dir='ltr' id='par_1_5' title="bbox 199 617 758 657">
     <span class='ocr_line' id='line_1_17' title="bbox 199 617 758 657; baseline 0.004 -8"><span class='ocrx_word' id='word_1_69' title='bbox 199 618 264 649; x_wconf 89' lang='lat' dir='ltr'>Pro</span> <span class='ocrx_word' id='word_1_70' title='bbox 285 617 377 649; x_wconf 85' lang='lat' dir='ltr'>nobis</span> <span class='ocrx_word' id='word_1_71' title='bbox 396 618 439 650; x_wconf 88' lang='lat' dir='ltr'>sis</span> <span class='ocrx_word' id='word_1_72' title='bbox 457 619 617 657; x_wconf 80' lang='lat' dir='ltr'>precator.</span> <span class='ocrx_word' id='word_1_73' title='bbox 644 618 758 651; x_wconf 90' lang='lat' dir='ltr'>Amen.</span> 
     </span>
    </p>
   </div>
   <div class='ocr_carea' id='block_1_5' title="bbox 126 709 1454 902">
    <p class='ocr_par' dir='ltr' id='par_1_6' title="bbox 126 709 1454 902">
     <span class='ocr_line' id='line_1_18' title="bbox 205 709 1450 741; baseline 0 -2"><span class='ocrx_word' id='word_1_74' title='bbox 205 712 291 739; x_wconf 86' lang='lat' dir='ltr'>Brev.</span> <span class='ocrx_word' id='word_1_75' title='bbox 317 720 371 740; x_wconf 84' lang='lat' dir='ltr'>ms.</span> <span class='ocrx_word' id='word_1_76' title='bbox 394 712 545 740; x_wconf 87' lang='lat' dir='ltr'>Misnense</span> <span class='ocrx_word' id='word_1_77' title='bbox 570 720 645 740; x_wconf 84' lang='lat' dir='ltr'>saec.</span> <span class='ocrx_word' id='word_1_78' title='bbox 669 710 712 740; x_wconf 83' lang='lat'>15.</span> <span class='ocrx_word' id='word_1_79' title='bbox 756 711 826 739; x_wconf 86' lang='lat' dir='ltr'>Ood.</span> <span class='ocrx_word' id='word_1_80' title='bbox 845 712 1003 741; x_wconf 85' lang='lat' dir='ltr'>Eistetten.</span> <span class='ocrx_word' id='word_1_81' title='bbox 1031 709 1052 739; x_wconf 62' lang='lat'>8⁴</span> <span class='ocrx_word' id='word_1_82' title='bbox 1083 710 1129 740; x_wconf 83' lang='lat'>72.</span> <span class='ocrx_word' id='word_1_83' title='bbox 1150 713 1184 741; x_wconf 89' lang='lat' dir='ltr'>A.</span> <span class='ocrx_word' id='word_1_84' title='bbox 1210 727 1246 732; x_wconf 90' lang='lat'>—-</span> <span class='ocrx_word' id='word_1_85' title='bbox 1269 713 1356 740; x_wconf 85' lang='lat' dir='ltr'>Brev.</span> <span class='ocrx_word' id='word_1_86' title='bbox 1376 712 1450 739; x_wconf 88' lang='lat' dir='ltr'>Mis-</span> 
     </span>
     <span class='ocr_line' id='line_1_19' title="bbox 130 747 1452 787; baseline 0.001 -11"><span class='ocrx_word' id='word_1_87' title='bbox 130 758 221 777; x_wconf 78' lang='lat' dir='ltr'>nense</span> <span class='ocrx_word' id='word_1_88' title='bbox 247 751 318 786; x_wconf 90' lang='lat' dir='ltr'>imp.</span> <span class='ocrx_word' id='word_1_89' title='bbox 346 759 369 777; x_wconf 83' lang='lat' dir='ltr'>s.</span> <span class='ocrx_word' id='word_1_90' title='bbox 397 751 417 778; x_wconf 89' lang='lat'>1.</span> <span class='ocrx_word' id='word_1_91' title='bbox 448 747 530 778; x_wconf 86' lang='lat'>1483.</span> <span class='ocrx_word' id='word_1_92' title='bbox 552 751 584 779; x_wconf 85' lang='lat' dir='ltr'>B.</span> <span class='ocrx_word' id='word_1_93' title='bbox 612 765 647 770; x_wconf 86' lang='lat'>--</span> <span class='ocrx_word' id='word_1_94' title='bbox 675 750 810 778; x_wconf 84' lang='lat' dir='ltr'>Viaticus</span> <span class='ocrx_word' id='word_1_95' title='bbox 830 751 990 779; x_wconf 86' lang='lat' dir='ltr'>Misnensis</span> <span class='ocrx_word' id='word_1_96' title='bbox 1016 752 1085 787; x_wconf 83' lang='lat' dir='ltr'>imp.</span> <span class='ocrx_word' id='word_1_97' title='bbox 1105 751 1229 787; x_wconf 82' lang='lat' dir='ltr'><strong>Lipsiae</strong></span> <span class='ocrx_word' id='word_1_98' title='bbox 1252 748 1334 779; x_wconf 82' lang='lat'>1502.</span> <span class='ocrx_word' id='word_1_99' title='bbox 1357 750 1387 779; x_wconf 83' lang='lat' dir='ltr'>O.</span> <span class='ocrx_word' id='word_1_100' title='bbox 1415 764 1452 770; x_wconf 80' lang='lat'>——</span> 
     </span>
     <span class='ocr_line' id='line_1_20' title="bbox 128 786 1453 826; baseline 0.001 -11"><span class='ocrx_word' id='word_1_101' title='bbox 128 788 233 815; x_wconf 85' lang='lat' dir='ltr'>Dium.</span> <span class='ocrx_word' id='word_1_102' title='bbox 253 788 406 816; x_wconf 77' lang='lat' dir='ltr'>Misnense</span> <span class='ocrx_word' id='word_1_103' title='bbox 439 789 509 825; x_wconf 84' lang='lat' dir='ltr'>imp.</span> <span class='ocrx_word' id='word_1_104' title='bbox 530 789 654 824; x_wconf 76' lang='lat' dir='ltr'>Lipsiae</span> <span class='ocrx_word' id='word_1_105' title='bbox 681 786 764 816; x_wconf 80' lang='lat'>1511.</span> <span class='ocrx_word' id='word_1_106' title='bbox 784 789 821 816; x_wconf 85' lang='lat' dir='ltr'>D.</span> <span class='ocrx_word' id='word_1_107' title='bbox 848 804 885 808; x_wconf 92' lang='lat'>—</span> <span class='ocrx_word' id='word_1_108' title='bbox 908 789 992 816; x_wconf 84' lang='lat' dir='ltr'>Brev.</span> <span class='ocrx_word' id='word_1_109' title='bbox 1012 789 1164 818; x_wconf 83' lang='lat' dir='ltr'>Misnense</span> <span class='ocrx_word' id='word_1_110' title='bbox 1183 790 1253 826; x_wconf 80' lang='lat' dir='ltr'>imp.</span> <span class='ocrx_word' id='word_1_111' title='bbox 1275 788 1399 825; x_wconf 77' lang='lat' dir='ltr'>Lipsiae</span> <span class='ocrx_word' id='word_1_112' title='bbox 1418 787 1453 825; x_wconf 63' lang='lat' dir='ltr'>(P)</span> 
     </span>
     <span class='ocr_line' id='line_1_21' title="bbox 130 823 1454 864; baseline 0.001 -11"><span class='ocrx_word' id='word_1_113' title='bbox 130 823 213 853; x_wconf 77' lang='lat'>1517.</span> <span class='ocrx_word' id='word_1_114' title='bbox 235 825 271 853; x_wconf 87' lang='lat' dir='ltr'>E.</span> <span class='ocrx_word' id='word_1_115' title='bbox 299 840 334 844; x_wconf 92' lang='lat'><strong>—</strong></span> <span class='ocrx_word' id='word_1_116' title='bbox 360 826 405 855; x_wconf 85' lang='lat'>111</span> <span class='ocrx_word' id='word_1_117' title='bbox 434 825 457 854; x_wconf 89' lang='lat'>1.</span> <span class='ocrx_word' id='word_1_118' title='bbox 478 827 587 864; x_wconf 84' lang='lat' dir='ltr'>Vesp.</span> <span class='ocrx_word' id='word_1_119' title='bbox 609 826 631 853; x_wconf 88' lang='grc' dir='ltr'>Α</span> <span class='ocrx_word' id='word_1_120' title='bbox 660 825 688 861; x_wconf 86' lang='lat'>1,</span> <span class='ocrx_word' id='word_1_121' title='bbox 718 825 732 854; x_wconf 87' lang='lat'>1</span> <span class='ocrx_word' id='word_1_122' title='bbox 762 830 927 855; x_wconf 83' lang='lat' dir='ltr'>commenta</span> <span class='ocrx_word' id='word_1_123' title='bbox 948 826 1005 856; x_wconf 80' lang='lat' dir='ltr'>OE.</span> <span class='ocrx_word' id='word_1_124' title='bbox 1033 842 1040 847; x_wconf 48' lang='grc' dir='ltr'>ν</span> <span class='ocrx_word' id='word_1_125' title='bbox 1095 828 1139 855; x_wconf 89' lang='lat' dir='ltr'>In</span> <span class='ocrx_word' id='word_1_126' title='bbox 1159 826 1185 856; x_wconf 82' lang='lat'>3.</span> <span class='ocrx_word' id='word_1_127' title='bbox 1207 829 1308 856; x_wconf 79' lang='lat' dir='ltr'>Noct,</span> <span class='ocrx_word' id='word_1_128' title='bbox 1331 826 1353 853; x_wconf 88' lang='grc' dir='ltr'>Α</span> <span class='ocrx_word' id='word_1_129' title='bbox 1377 825 1410 862; x_wconf 85' lang='grc'>1,</span> <span class='ocrx_word' id='word_1_130' title='bbox 1436 824 1454 854; x_wconf 85' lang='grc'><strong>3</strong></span> 
     </span>
     <span class='ocr_line' id='line_1_22' title="bbox 126 862 1415 902; baseline 0.001 -12"><span class='ocrx_word' id='word_1_131' title='bbox 126 872 220 892; x_wconf 76' lang='lat' dir='ltr'>vexus</span> <span class='ocrx_word' id='word_1_132' title='bbox 236 864 296 892; x_wconf 76' lang='lat' dir='ltr'>OE.</span> <span class='ocrx_word' id='word_1_133' title='bbox 315 878 355 884; x_wconf 73' lang='lat'><strong>—</strong></span> <span class='ocrx_word' id='word_1_134' title='bbox 380 863 402 891; x_wconf 86' lang='grc' dir='ltr'>Α</span> <span class='ocrx_word' id='word_1_135' title='bbox 423 862 450 900; x_wconf 80' lang='lat'>3,</span> <span class='ocrx_word' id='word_1_136' title='bbox 470 864 489 893; x_wconf 80' lang='lat'>2</span> <span class='ocrx_word' id='word_1_137' title='bbox 509 866 658 894; x_wconf 82' lang='lat' dir='ltr'>insontem</span> <span class='ocrx_word' id='word_1_138' title='bbox 671 865 732 894; x_wconf 79' lang='lat' dir='ltr'>OE.</span> <span class='ocrx_word' id='word_1_139' title='bbox 753 879 791 884; x_wconf 84' lang='lat'>—-—</span> <span class='ocrx_word' id='word_1_140' title='bbox 813 863 833 892; x_wconf 75' lang='lat' dir='ltr'>R</span> <span class='ocrx_word' id='word_1_141' title='bbox 857 863 882 900; x_wconf 84' lang='lat'>1,</span> <span class='ocrx_word' id='word_1_142' title='bbox 905 864 923 893; x_wconf 75' lang='lat'>(5</span> <span class='ocrx_word' id='word_1_143' title='bbox 944 866 1005 893; x_wconf 82' lang='lat' dir='ltr'>Aut</span> <span class='ocrx_word' id='word_1_144' title='bbox 1016 866 1151 894; x_wconf 82' lang='lat' dir='ltr'>nolentes</span> <span class='ocrx_word' id='word_1_145' title='bbox 1166 866 1203 902; x_wconf 57' lang='grc' dir='ltr'>(ἇς</span> <span class='ocrx_word' id='word_1_146' title='bbox 1227 868 1279 894; x_wconf 82' lang='lat' dir='ltr'>aut</span> <span class='ocrx_word' id='word_1_147' title='bbox 1292 865 1367 894; x_wconf 77' lang='lat' dir='ltr'>fehlt</span> <span class='ocrx_word' id='word_1_148' title='bbox 1378 865 1415 892; x_wconf 82' lang='lat' dir='ltr'>E.</span> 
     </span>
    </p>
   </div>
   <div class='ocr_carea' id='block_1_6' title="bbox 599 1005 989 1038">
    <p class='ocr_par' dir='ltr' id='par_1_7' title="bbox 599 1005 989 1038">
     <span class='ocr_line' id='line_1_23' title="bbox 599 1005 989 1038; baseline 0 -2"><span class='ocrx_word' id='word_1_149' title='bbox 599 1005 643 1036; x_wconf 82' lang='lat'>10.</span> <span class='ocrx_word' id='word_1_150' title='bbox 675 1005 717 1036; x_wconf 88' lang='lat' dir='ltr'>De</span> <span class='ocrx_word' id='word_1_151' title='bbox 739 1006 847 1037; x_wconf 80' lang='lat' dir='ltr'>sancto</span> <span class='ocrx_word' id='word_1_152' title='bbox 869 1006 989 1038; x_wconf 81' lang='lat' dir='ltr'><strong>Alexio.</strong></span> 
     </span>
    </p>
   </div>
   <div class='ocr_carea' id='block_1_7' title="bbox 270 1096 622 1135">
    <p class='ocr_par' dir='ltr' id='par_1_8' title="bbox 270 1096 622 1135">
     <span class='ocr_line' id='line_1_24' title="bbox 270 1096 622 1135; baseline -0.003 -7"><span class='ocrx_word' id='word_1_153' title='bbox 270 1096 317 1128; x_wconf 87' lang='lat' dir='ltr'>In</span> <span class='ocrx_word' id='word_1_154' title='bbox 346 1097 375 1129; x_wconf 87' lang='lat'>1.</span> <span class='ocrx_word' id='word_1_155' title='bbox 405 1097 512 1135; x_wconf 89' lang='lat' dir='ltr'>Vesp</span> <span class='ocrx_word' id='word_1_156' title='bbox 525 1096 622 1127; x_wconf 90' lang='lat' dir='ltr'>eris.</span> 
     </span>
    </p>
   </div>
   <div class='ocr_carea' id='block_1_8' title="bbox 353 1169 550 1207">
    <p class='ocr_par' dir='ltr' id='par_1_9' title="bbox 353 1169 550 1207">
     <span class='ocr_line' id='line_1_25' title="bbox 353 1169 550 1207; baseline -0.01 -8"><span class='ocrx_word' id='word_1_157' title='bbox 353 1169 550 1207; x_wconf 84' lang='lat' dir='ltr'>Antiphonae.</span> 
     </span>
    </p>
   </div>
   <div class='ocr_carea' id='block_1_9' title="bbox 145 1229 726 1407">
    <p class='ocr_par' dir='ltr' id='par_1_10' title="bbox 145 1229 706 1317">
     <span class='ocr_line' id='line_1_26' title="bbox 145 1229 706 1270; baseline -0.002 -8"><span class='ocrx_word' id='word_1_158' title='bbox 145 1231 175 1262; x_wconf 91' lang='lat'>1.</span> <span class='ocrx_word' id='word_1_159' title='bbox 203 1229 299 1262; x_wconf 82' lang='lat' dir='ltr'>Plebs</span> <span class='ocrx_word' id='word_1_160' title='bbox 325 1229 479 1269; x_wconf 81' lang='lat' dir='ltr'>Romana,</span> <span class='ocrx_word' id='word_1_161' title='bbox 508 1229 548 1260; x_wconf 89' lang='lat' dir='ltr'>de</span> <span class='ocrx_word' id='word_1_162' title='bbox 570 1231 706 1270; x_wconf 85' lang='lat' dir='ltr'>patrono</span> 
     </span>
     <span class='ocr_line' id='line_1_27' title="bbox 249 1276 590 1317; baseline 0 -8"><span class='ocrx_word' id='word_1_163' title='bbox 249 1278 319 1309; x_wconf 80' lang='lat' dir='ltr'>Tuo</span> <span class='ocrx_word' id='word_1_164' title='bbox 350 1277 454 1317; x_wconf 84' lang='lat' dir='ltr'>gaude</span> <span class='ocrx_word' id='word_1_165' title='bbox 477 1276 590 1315; x_wconf 87' lang='lat' dir='ltr'>libere,</span> 
     </span>
    </p>

    <p class='ocr_par' dir='ltr' id='par_1_11' title="bbox 204 1322 726 1407">
     <span class='ocr_line' id='line_1_28' title="bbox 204 1322 726 1365; baseline -0.004 -8"><span class='ocrx_word' id='word_1_166' title='bbox 204 1325 264 1364; x_wconf 76' lang='lat' dir='ltr'>Qui</span> <span class='ocrx_word' id='word_1_167' title='bbox 287 1326 354 1357; x_wconf 80' lang='lat' dir='ltr'>iam</span> <span class='ocrx_word' id='word_1_168' title='bbox 379 1322 481 1365; x_wconf 79' lang='lat' dir='ltr'><strong>fulget</strong></span> <span class='ocrx_word' id='word_1_169' title='bbox 505 1324 587 1357; x_wconf 79' lang='lat' dir='ltr'>caeli</span> <span class='ocrx_word' id='word_1_170' title='bbox 611 1325 726 1357; x_wconf 80' lang='lat' dir='ltr'>throno</span> 
     </span>
     <span class='ocr_line' id='line_1_29' title="bbox 251 1372 603 1407; baseline -0.003 -2"><span class='ocrx_word' id='word_1_171' title='bbox 251 1374 298 1407; x_wconf 89' lang='lat' dir='ltr'>Ut</span> <span class='ocrx_word' id='word_1_172' title='bbox 322 1373 356 1404; x_wconf 92' lang='lat' dir='ltr'>in</span> <span class='ocrx_word' id='word_1_173' title='bbox 380 1372 460 1404; x_wconf 87' lang='lat' dir='ltr'>lucis</span> <span class='ocrx_word' id='word_1_174' title='bbox 485 1372 603 1407; x_wconf 83' lang='lat' dir='ltr'>sidere.</span> 
     </span>
    </p>
   </div>
   <div class='ocr_carea' id='block_1_10' title="bbox 149 1429 709 1806">
    <p class='ocr_par' dir='ltr' id='par_1_12' title="bbox 149 1429 709 1806">
     <span class='ocr_line' id='line_1_30' title="bbox 149 1429 689 1470; baseline -0.002 -8"><span class='ocrx_word' id='word_1_175' title='bbox 149 1432 180 1462; x_wconf 86' lang='lat'>2.</span> <span class='ocrx_word' id='word_1_176' title='bbox 207 1429 271 1463; x_wconf 83' lang='lat' dir='ltr'>Hic</span> <span class='ocrx_word' id='word_1_177' title='bbox 295 1430 462 1462; x_wconf 87' lang='lat' dir='ltr'>mirandae</span> <span class='ocrx_word' id='word_1_178' title='bbox 487 1429 689 1470; x_wconf 79' lang='lat' dir='ltr'>paupertatis</span> 
     </span>
     <span class='ocr_line' id='line_1_31' title="bbox 255 1477 592 1517; baseline 0.003 -8"><span class='ocrx_word' id='word_1_179' title='bbox 255 1477 383 1509; x_wconf 78' lang='lat' dir='ltr'>Gaudet</span> <span class='ocrx_word' id='word_1_180' title='bbox 412 1477 592 1517; x_wconf 86' lang='lat' dir='ltr'>privilegio,</span> 
     </span>
     <span class='ocr_line' id='line_1_32' title="bbox 206 1524 678 1565; baseline -0.002 -8"><span class='ocrx_word' id='word_1_181' title='bbox 206 1525 289 1558; x_wconf 78' lang='lat' dir='ltr'>Nam</span> <span class='ocrx_word' id='word_1_182' title='bbox 311 1525 477 1558; x_wconf 84' lang='lat' dir='ltr'>abundans</span> <span class='ocrx_word' id='word_1_183' title='bbox 504 1528 574 1565; x_wconf 85' lang='lat' dir='ltr'>eget</span> <span class='ocrx_word' id='word_1_184' title='bbox 599 1524 678 1557; x_wconf 81' lang='lat' dir='ltr'>satis</span> 
     </span>
     <span class='ocr_line' id='line_1_33' title="bbox 254 1572 592 1613; baseline 0 -8"><span class='ocrx_word' id='word_1_185' title='bbox 254 1573 361 1605; x_wconf 83' lang='lat' dir='ltr'>Patris</span> <span class='ocrx_word' id='word_1_186' title='bbox 386 1573 420 1604; x_wconf 89' lang='lat' dir='ltr'>in</span> <span class='ocrx_word' id='word_1_187' title='bbox 440 1572 592 1613; x_wconf 84' lang='lat' dir='ltr'>hospitio.</span> 
     </span>
     <span class='ocr_line' id='line_1_34' title="bbox 149 1629 578 1672; baseline -0.007 -8"><span class='ocrx_word' id='word_1_188' title='bbox 149 1632 181 1664; x_wconf 82' lang='lat'>3.</span> <span class='ocrx_word' id='word_1_189' title='bbox 210 1629 353 1672; x_wconf 64' lang='lat' dir='ltr'>Almus,</span> <span class='ocrx_word' id='word_1_190' title='bbox 382 1632 578 1670; x_wconf 86' lang='lat' dir='ltr'>propagatus</span> 
     </span>
     <span class='ocr_line' id='line_1_35' title="bbox 253 1677 618 1717; baseline -0.003 -8"><span class='ocrx_word' id='word_1_191' title='bbox 253 1677 303 1709; x_wconf 88' lang='lat' dir='ltr'>De</span> <span class='ocrx_word' id='word_1_192' title='bbox 328 1678 431 1717; x_wconf 80' lang='lat' dir='ltr'>stirpe</span> <span class='ocrx_word' id='word_1_193' title='bbox 453 1677 618 1717; x_wconf 83' lang='lat' dir='ltr'><strong>nobilium,</strong></span> 
     </span>
     <span class='ocr_line' id='line_1_36' title="bbox 205 1725 709 1766; baseline -0.004 -8"><span class='ocrx_word' id='word_1_194' title='bbox 205 1725 297 1758; x_wconf 85' lang='lat' dir='ltr'>Zelat</span> <span class='ocrx_word' id='word_1_195' title='bbox 323 1725 495 1766; x_wconf 79' lang='lat' dir='ltr'><strong>Christum,</strong></span> <span class='ocrx_word' id='word_1_196' title='bbox 520 1727 709 1765; x_wconf 82' lang='lat' dir='ltr'>aspernatus</span> 
     </span>
     <span class='ocr_line' id='line_1_37' title="bbox 256 1773 589 1806; baseline -0.003 -1"><span class='ocrx_word' id='word_1_197' title='bbox 256 1773 402 1806; x_wconf 87' lang='lat' dir='ltr'>Nitorem</span> <span class='ocrx_word' id='word_1_198' title='bbox 426 1773 589 1805; x_wconf 85' lang='lat' dir='ltr'>natalium.</span> 
     </span>
    </p>
   </div>
   <div class='ocr_carea' id='block_1_11' title="bbox 145 1830 704 1870">
    <p class='ocr_par' dir='ltr' id='par_1_13' title="bbox 145 1830 704 1870">
     <span class='ocr_line' id='line_1_38' title="bbox 145 1830 704 1870; baseline -0.005 -5"><span class='ocrx_word' id='word_1_199' title='bbox 145 1834 177 1865; x_wconf 84' lang='lat'>4.</span> <span class='ocrx_word' id='word_1_200' title='bbox 207 1831 313 1865; x_wconf 86' lang='lat' dir='ltr'>Corde</span> <span class='ocrx_word' id='word_1_201' title='bbox 338 1831 473 1864; x_wconf 86' lang='lat' dir='ltr'>tendens</span> <span class='ocrx_word' id='word_1_202' title='bbox 498 1831 532 1863; x_wconf 86' lang='lat' dir='ltr'>in</span> <span class='ocrx_word' id='word_1_203' title='bbox 557 1830 704 1870; x_wconf 87' lang='lat' dir='ltr'>supernis</span> 
     </span>
    </p>
   </div>
   <div class='ocr_carea' id='block_1_12' title="bbox 251 1879 734 1920">
    <p class='ocr_par' dir='ltr' id='par_1_14' title="bbox 251 1879 734 1920">
     <span class='ocr_line' id='line_1_39' title="bbox 251 1879 734 1920; baseline -0.004 -8"><span class='ocrx_word' id='word_1_204' title='bbox 251 1879 433 1912; x_wconf 84' lang='lat' dir='ltr'>Secundum</span> <span class='ocrx_word' id='word_1_205' title='bbox 462 1887 590 1911; x_wconf 82' lang='lat' dir='ltr'>earnem</span> <span class='ocrx_word' id='word_1_206' title='bbox 615 1879 734 1920; x_wconf 82' lang='lat' dir='ltr'>vivere,</span> 
     </span>
    </p>
   </div>
   <div class='ocr_carea' id='block_1_13' title="bbox 203 1926 692 2016">
    <p class='ocr_par' dir='ltr' id='par_1_15' title="bbox 203 1926 692 2016">
     <span class='ocr_line' id='line_1_40' title="bbox 203 1926 692 1967; baseline -0.004 -7"><span class='ocrx_word' id='word_1_207' title='bbox 203 1928 325 1960; x_wconf 78' lang='lat' dir='ltr'>Horret</span> <span class='ocrx_word' id='word_1_208' title='bbox 348 1928 443 1961; x_wconf 81' lang='lat' dir='ltr'>iussis</span> <span class='ocrx_word' id='word_1_209' title='bbox 471 1928 511 1959; x_wconf 88' lang='lat' dir='ltr'>de</span> <span class='ocrx_word' id='word_1_210' title='bbox 536 1926 692 1967; x_wconf 75' lang='lat' dir='ltr'>paternis,</span> 
     </span>
     <span class='ocr_line' id='line_1_41' title="bbox 252 1975 658 2016; baseline 0.002 -8"><span class='ocrx_word' id='word_1_211' title='bbox 252 1975 345 2008; x_wconf 81' lang='lat' dir='ltr'>Licet</span> <span class='ocrx_word' id='word_1_212' title='bbox 370 1977 501 2016; x_wconf 78' lang='lat' dir='ltr'>cogatur</span> <span class='ocrx_word' id='word_1_213' title='bbox 525 1976 658 2010; x_wconf 86' lang='lat' dir='ltr'>nubere.</span> 
     </span>
    </p>
   </div>
   <div class='ocr_carea' id='block_1_14' title="bbox 145 2033 671 2218">
    <p class='ocr_par' dir='ltr' id='par_1_16' title="bbox 145 2033 671 2218">
     <span class='ocr_line' id='line_1_42' title="bbox 145 2033 566 2074; baseline -0.007 -7"><span class='ocrx_word' id='word_1_214' title='bbox 145 2036 177 2068; x_wconf 91' lang='lat'>5.</span> <span class='ocrx_word' id='word_1_215' title='bbox 205 2034 355 2066; x_wconf 89' lang='lat' dir='ltr'>Alienam</span> <span class='ocrx_word' id='word_1_216' title='bbox 383 2033 566 2074; x_wconf 83' lang='lat' dir='ltr'>concupivit</span> 
     </span>
     <span class='ocr_line' id='line_1_43' title="bbox 253 2081 603 2120; baseline -0.006 -6"><span class='ocrx_word' id='word_1_217' title='bbox 253 2081 317 2117; x_wconf 86' lang='lat' dir='ltr'>Suo</span> <span class='ocrx_word' id='word_1_218' title='bbox 341 2082 449 2114; x_wconf 85' lang='lat' dir='ltr'>David</span> <span class='ocrx_word' id='word_1_219' title='bbox 475 2082 603 2120; x_wconf 84' lang='lat' dir='ltr'>solario,</span> 
     </span>
     <span class='ocr_line' id='line_1_44' title="bbox 206 2128 645 2165; baseline -0.011 0"><span class='ocrx_word' id='word_1_220' title='bbox 206 2131 302 2165; x_wconf 87' lang='lat' dir='ltr'>Suam</span> <span class='ocrx_word' id='word_1_221' title='bbox 328 2131 450 2162; x_wconf 86' lang='lat' dir='ltr'>castam</span> <span class='ocrx_word' id='word_1_222' title='bbox 471 2128 645 2162; x_wconf 81' lang='lat' dir='ltr'>custodivit</span> 
     </span>
     <span class='ocr_line' id='line_1_45' title="bbox 253 2177 671 2218; baseline 0 -7"><span class='ocrx_word' id='word_1_223' title='bbox 253 2178 291 2212; x_wconf 91' lang='lat' dir='ltr'>In</span> <span class='ocrx_word' id='word_1_224' title='bbox 316 2187 455 2218; x_wconf 81' lang='lat' dir='ltr'>sponsae</span> <span class='ocrx_word' id='word_1_225' title='bbox 481 2177 671 2211; x_wconf 86' lang='lat' dir='ltr'>diversorio.</span> 
     </span>
    </p>
   </div>
   <div class='ocr_carea' id='block_1_15' title="bbox 132 2236 587 2327">
    <p class='ocr_par' dir='ltr' id='par_1_17' title="bbox 132 2236 587 2327">
     <span class='ocr_line' id='line_1_46' title="bbox 132 2236 404 2271; baseline -0.011 0"><span class='ocrx_word' id='word_1_226' title='bbox 132 2238 170 2271; x_wconf 76' lang='lat' dir='ltr'>R.</span> <span class='ocrx_word' id='word_1_227' title='bbox 207 2238 317 2270; x_wconf 85' lang='lat' dir='ltr'>Virtus</span> <span class='ocrx_word' id='word_1_228' title='bbox 342 2236 404 2269; x_wconf 90' lang='lat' dir='ltr'>Dei</span> 
     </span>
     <span class='ocr_line' id='line_1_47' title="bbox 252 2283 587 2327; baseline -0.012 -9"><span class='ocrx_word' id='word_1_229' title='bbox 252 2285 402 2327; x_wconf 82' lang='lat' dir='ltr'>provexit</span> <span class='ocrx_word' id='word_1_230' title='bbox 425 2283 587 2324; x_wconf 62' lang='lat' dir='ltr'>Alexiurm</span> 
     </span>
    </p>
   </div>
   <div class='ocr_carea' id='block_1_16' title="bbox 205 2334 646 2424">
    <p class='ocr_par' dir='ltr' id='par_1_18' title="bbox 205 2334 646 2424">
     <span class='ocr_line' id='line_1_48' title="bbox 205 2334 423 2367; baseline -0.009 -1"><span class='ocrx_word' id='word_1_231' title='bbox 205 2334 310 2366; x_wconf 81' lang='lat' dir='ltr'>Huius</span> <span class='ocrx_word' id='word_1_232' title='bbox 337 2334 423 2367; x_wconf 84' lang='lat' dir='ltr'>vitae</span> 
     </span>
     <span class='ocr_line' id='line_1_49' title="bbox 254 2380 646 2424; baseline -0.018 -8"><span class='ocrx_word' id='word_1_233' title='bbox 254 2385 329 2424; x_wconf 83' lang='lat' dir='ltr'>post</span> <span class='ocrx_word' id='word_1_234' title='bbox 357 2383 471 2415; x_wconf 88' lang='lat' dir='ltr'>durum</span> <span class='ocrx_word' id='word_1_235' title='bbox 498 2380 646 2413; x_wconf 83' lang='lat' dir='ltr'>exsilium</span> 
     </span>
    </p>
   </div>
   <div class='ocr_carea' id='block_1_17' title="bbox 188 2436 688 2469">
    <p class='ocr_par' dir='ltr' id='par_1_19' title="bbox 188 2436 688 2469">
     <span class='ocr_line' id='line_1_50' title="bbox 188 2436 688 2469; baseline -0.01 -4"><span class='ocrx_word' id='word_1_236' title='bbox 188 2442 207 2466; x_wconf 89' lang='lat' dir='ltr'>B</span> <span class='ocrx_word' id='word_1_237' title='bbox 215 2442 293 2465; x_wconf 86' lang='lat' dir='ltr'>lume</span> <span class='ocrx_word' id='word_1_238' title='bbox 300 2459 306 2469; x_wconf 87' lang='lat'>,</span> <span class='ocrx_word' id='word_1_239' title='bbox 329 2441 455 2465; x_wconf 74' lang='lat' dir='ltr'>Historiae</span> <span class='ocrx_word' id='word_1_240' title='bbox 469 2439 626 2469; x_wconf 71' lang='lat' dir='ltr'>rhythmicae.</span> <span class='ocrx_word' id='word_1_241' title='bbox 658 2436 688 2460; x_wconf 90' lang='lat' dir='ltr'>V.</span> 
     </span>
    </p>
   </div>
   <div class='ocr_carea' id='block_1_18' title="bbox 893 1096 1278 1186">
    <p class='ocr_par' dir='ltr' id='par_1_20' title="bbox 893 1096 1278 1186">
     <span class='ocr_line' id='line_1_51' title="bbox 893 1096 1104 1136; baseline -0.009 -7"><span class='ocrx_word' id='word_1_242' title='bbox 893 1096 998 1136; x_wconf 85' lang='lat' dir='ltr'>Super</span> <span class='ocrx_word' id='word_1_243' title='bbox 1023 1097 1104 1128; x_wconf 84' lang='lat' dir='ltr'>caeli</span> 
     </span>
     <span class='ocr_line' id='line_1_52' title="bbox 943 1144 1278 1186; baseline 0.003 -11"><span class='ocrx_word' id='word_1_244' title='bbox 943 1144 1127 1176; x_wconf 83' lang='lat' dir='ltr'>conscendit</span> <span class='ocrx_word' id='word_1_245' title='bbox 1153 1144 1278 1186; x_wconf 85' lang='lat' dir='ltr'>solium,</span> 
     </span>
    </p>
   </div>
   <div class='ocr_carea' id='block_1_19' title="bbox 821 1191 1171 1232">
    <p class='ocr_par' dir='ltr' id='par_1_21' title="bbox 821 1191 1171 1232">
     <span class='ocr_line' id='line_1_53' title="bbox 821 1191 1171 1232; baseline -0.003 -8"><span class='ocrx_word' id='word_1_246' title='bbox 821 1191 860 1226; x_wconf 81' lang='lat' dir='ltr'>V.</span> <span class='ocrx_word' id='word_1_247' title='bbox 892 1192 934 1224; x_wconf 85' lang='lat' dir='ltr'>Se</span> <span class='ocrx_word' id='word_1_248' title='bbox 962 1200 1020 1232; x_wconf 83' lang='lat' dir='ltr'>per</span> <span class='ocrx_word' id='word_1_249' title='bbox 1045 1200 1171 1223; x_wconf 79' lang='lat' dir='ltr'>sacrum</span> 
     </span>
    </p>
   </div>
   <div class='ocr_carea' id='block_1_20' title="bbox 896 1239 1272 1375">
    <p class='ocr_par' dir='ltr' id='par_1_22' title="bbox 896 1239 1272 1375">
     <span class='ocr_line' id='line_1_54' title="bbox 942 1239 1272 1279; baseline -0.003 -8"><span class='ocrx_word' id='word_1_250' title='bbox 942 1247 1094 1271; x_wconf 82' lang='lat' dir='ltr'>exercens</span> <span class='ocrx_word' id='word_1_251' title='bbox 1120 1239 1272 1279; x_wconf 87' lang='lat' dir='ltr'>studium,</span> 
     </span>
     <span class='ocr_line' id='line_1_55' title="bbox 896 1285 1113 1321; baseline -0.014 0"><span class='ocrx_word' id='word_1_252' title='bbox 896 1286 1025 1321; x_wconf 84' lang='lat' dir='ltr'>Cunctis</span> <span class='ocrx_word' id='word_1_253' title='bbox 1051 1285 1113 1319; x_wconf 87' lang='lat' dir='ltr'>fuit</span> 
     </span>
     <span class='ocr_line' id='line_1_56' title="bbox 940 1335 1271 1375; baseline -0.003 -8"><span class='ocrx_word' id='word_1_254' title='bbox 940 1335 996 1368; x_wconf 78' lang='lat' dir='ltr'>lux</span> <span class='ocrx_word' id='word_1_255' title='bbox 1023 1337 1056 1367; x_wconf 84' lang='lat' dir='ltr'>et</span> <span class='ocrx_word' id='word_1_256' title='bbox 1077 1335 1271 1375; x_wconf 82' lang='lat' dir='ltr'>prodigium.</span> 
     </span>
    </p>
   </div>
   <div class='ocr_carea' id='block_1_21' title="bbox 1003 1429 1255 1466">
    <p class='ocr_par' dir='ltr' id='par_1_23' title="bbox 1003 1429 1255 1466">
     <span class='ocr_line' id='line_1_57' title="bbox 1003 1429 1255 1466; baseline -0.008 -8"><span class='ocrx_word' id='word_1_257' title='bbox 1003 1429 1054 1458; x_wconf 82' lang='lat' dir='ltr'>Ad</span> <span class='ocrx_word' id='word_1_258' title='bbox 1073 1429 1255 1466; x_wconf 72' lang='lat' dir='ltr'>Magnificat.</span> 
     </span>
    </p>
   </div>
   <div class='ocr_carea' id='block_1_22' title="bbox 823 1497 1374 1537">
    <p class='ocr_par' dir='ltr' id='par_1_24' title="bbox 823 1497 1374 1537">
     <span class='ocr_line' id='line_1_58' title="bbox 823 1497 1374 1537; baseline -0.009 -4"><span class='ocrx_word' id='word_1_259' title='bbox 823 1502 863 1533; x_wconf 92' lang='lat' dir='ltr'>A.</span> <span class='ocrx_word' id='word_1_260' title='bbox 895 1499 1021 1532; x_wconf 84' lang='lat' dir='ltr'>Novum</span> <span class='ocrx_word' id='word_1_261' title='bbox 1047 1499 1146 1537; x_wconf 86' lang='lat' dir='ltr'>sidus,</span> <span class='ocrx_word' id='word_1_262' title='bbox 1171 1507 1255 1530; x_wconf 85' lang='lat' dir='ltr'>nova</span> <span class='ocrx_word' id='word_1_263' title='bbox 1279 1497 1374 1529; x_wconf 84' lang='lat' dir='ltr'>stella</span> 
     </span>
    </p>
   </div>
   <div class='ocr_carea' id='block_1_23' title="bbox 894 1546 1408 1964">
    <p class='ocr_par' dir='ltr' id='par_1_25' title="bbox 940 1546 1271 1587">
     <span class='ocr_line' id='line_1_59' title="bbox 940 1546 1271 1587; baseline -0.009 -7"><span class='ocrx_word' id='word_1_264' title='bbox 940 1547 1094 1580; x_wconf 81' lang='lat' dir='ltr'>Romanis</span> <span class='ocrx_word' id='word_1_265' title='bbox 1120 1546 1271 1587; x_wconf 81' lang='lat' dir='ltr'>exoritur,</span> 
     </span>
    </p>

    <p class='ocr_par' dir='ltr' id='par_1_26' title="bbox 895 1594 1408 1723">
     <span class='ocr_line' id='line_1_60' title="bbox 895 1594 1402 1628; baseline -0.006 -1"><span class='ocrx_word' id='word_1_266' title='bbox 895 1596 981 1628; x_wconf 87' lang='lat' dir='ltr'>Dum</span> <span class='ocrx_word' id='word_1_267' title='bbox 1006 1595 1059 1626; x_wconf 78' lang='lat' dir='ltr'>hic</span> <span class='ocrx_word' id='word_1_268' title='bbox 1083 1597 1211 1626; x_wconf 82' lang='lat' dir='ltr'>sanetus</span> <span class='ocrx_word' id='word_1_269' title='bbox 1237 1602 1295 1625; x_wconf 80' lang='lat' dir='ltr'>sua</span> <span class='ocrx_word' id='word_1_270' title='bbox 1321 1594 1402 1625; x_wconf 84' lang='lat' dir='ltr'>cella</span> 
     </span>
     <span class='ocr_line' id='line_1_61' title="bbox 942 1641 1385 1683; baseline -0.007 -8"><span class='ocrx_word' id='word_1_271' title='bbox 942 1642 994 1675; x_wconf 77' lang='lat' dir='ltr'>Ex</span> <span class='ocrx_word' id='word_1_272' title='bbox 1021 1643 1081 1675; x_wconf 83' lang='lat' dir='ltr'>hoc</span> <span class='ocrx_word' id='word_1_273' title='bbox 1105 1642 1224 1674; x_wconf 90' lang='lat' dir='ltr'>mundo</span> <span class='ocrx_word' id='word_1_274' title='bbox 1250 1641 1385 1683; x_wconf 81' lang='lat' dir='ltr'>tollitur,</span> 
     </span>
     <span class='ocr_line' id='line_1_62' title="bbox 944 1689 1408 1723; baseline -0.006 0"><span class='ocrx_word' id='word_1_275' title='bbox 944 1691 1007 1723; x_wconf 84' lang='lat' dir='ltr'>Hic</span> <span class='ocrx_word' id='word_1_276' title='bbox 1038 1690 1078 1723; x_wconf 88' lang='lat' dir='ltr'>de</span> <span class='ocrx_word' id='word_1_277' title='bbox 1103 1691 1201 1723; x_wconf 84' lang='lat' dir='ltr'>caelis</span> <span class='ocrx_word' id='word_1_278' title='bbox 1226 1689 1408 1721; x_wconf 85' lang='lat' dir='ltr'>ostenditur</span> 
     </span>
    </p>

    <p class='ocr_par' dir='ltr' id='par_1_27' title="bbox 894 1738 1323 1780">
     <span class='ocr_line' id='line_1_63' title="bbox 894 1738 1323 1780; baseline -0.009 -8"><span class='ocrx_word' id='word_1_279' title='bbox 894 1740 933 1772; x_wconf 84' lang='lat' dir='ltr'>In</span> <span class='ocrx_word' id='word_1_280' title='bbox 961 1739 1054 1771; x_wconf 87' lang='lat' dir='ltr'>domo</span> <span class='ocrx_word' id='word_1_281' title='bbox 1078 1739 1182 1778; x_wconf 78' lang='lat' dir='ltr'>patris</span> <span class='ocrx_word' id='word_1_282' title='bbox 1206 1738 1323 1780; x_wconf 82' lang='lat' dir='ltr'>iacere,</span> 
     </span>
    </p>

    <p class='ocr_par' dir='ltr' id='par_1_28' title="bbox 895 1786 1407 1875">
     <span class='ocr_line' id='line_1_64' title="bbox 895 1786 1407 1827; baseline 0 -9"><span class='ocrx_word' id='word_1_283' title='bbox 895 1787 954 1827; x_wconf 78' lang='lat' dir='ltr'>Qui</span> <span class='ocrx_word' id='word_1_284' title='bbox 983 1786 1047 1819; x_wconf 90' lang='lat' dir='ltr'>iam</span> <span class='ocrx_word' id='word_1_285' title='bbox 1074 1796 1137 1818; x_wconf 90' lang='lat' dir='ltr'>non</span> <span class='ocrx_word' id='word_1_286' title='bbox 1162 1787 1270 1826; x_wconf 85' lang='lat' dir='ltr'>potest</span> <span class='ocrx_word' id='word_1_287' title='bbox 1294 1786 1407 1825; x_wconf 83' lang='lat' dir='ltr'>latere,</span> 
     </span>
     <span class='ocr_line' id='line_1_65' title="bbox 941 1833 1338 1875; baseline -0.003 -8"><span class='ocrx_word' id='word_1_288' title='bbox 941 1835 992 1867; x_wconf 89' lang='lat' dir='ltr'>De</span> <span class='ocrx_word' id='word_1_289' title='bbox 1013 1834 1160 1875; x_wconf 87' lang='lat' dir='ltr'>supernis</span> <span class='ocrx_word' id='word_1_290' title='bbox 1186 1833 1338 1874; x_wconf 81' lang='lat' dir='ltr'>proditur</span> 
     </span>
    </p>

    <p class='ocr_par' dir='ltr' id='par_1_29' title="bbox 895 1882 1256 1925">
     <span class='ocr_line' id='line_1_66' title="bbox 895 1882 1256 1925; baseline -0.008 -8"><span class='ocrx_word' id='word_1_291' title='bbox 895 1883 1011 1925; x_wconf 78' lang='lat' dir='ltr'>Populi</span> <span class='ocrx_word' id='word_1_292' title='bbox 1039 1892 1108 1914; x_wconf 90' lang='lat' dir='ltr'>cum</span> <span class='ocrx_word' id='word_1_293' title='bbox 1131 1882 1256 1914; x_wconf 86' lang='lat' dir='ltr'>laetitia</span> 
     </span>
    </p>

    <p class='ocr_par' dir='ltr' id='par_1_30' title="bbox 894 1930 1281 1964">
     <span class='ocr_line' id='line_1_67' title="bbox 894 1930 1281 1964; baseline -0.008 0"><span class='ocrx_word' id='word_1_294' title='bbox 894 1931 1104 1964; x_wconf 80' lang='lat' dir='ltr'>Decantantis</span> <span class='ocrx_word' id='word_1_295' title='bbox 1128 1930 1281 1962; x_wconf 81' lang='lat' dir='ltr'>Alleluia.</span> 
     </span>
    </p>
   </div>
   <div class='ocr_carea' id='block_1_24' title="bbox 963 2074 1322 2108">
    <p class='ocr_par' dir='ltr' id='par_1_31' title="bbox 963 2074 1322 2108">
     <span class='ocr_line' id='line_1_68' title="bbox 963 2074 1322 2108; baseline 0 0"><span class='ocrx_word' id='word_1_296' title='bbox 963 2075 1024 2107; x_wconf 85' lang='lat' dir='ltr'>Ad</span> <span class='ocrx_word' id='word_1_297' title='bbox 1050 2074 1322 2108; x_wconf 81' lang='lat' dir='ltr'>Matutinum.</span> 
     </span>
    </p>
   </div>
   <div class='ocr_carea' id='block_1_25' title="bbox 1035 2162 1252 2189">
    <p class='ocr_par' dir='ltr' id='par_1_32' title="bbox 1035 2162 1252 2189">
     <span class='ocr_line' id='line_1_69' title="bbox 1035 2162 1252 2189; baseline -0.009 0"><span class='ocrx_word' id='word_1_298' title='bbox 1035 2162 1252 2189; x_wconf 80' lang='lat' dir='ltr'>Invitatorium.</span> 
     </span>
    </p>
   </div>
   <div class='ocr_carea' id='block_1_26' title="bbox 901 2230 1394 2408">
    <p class='ocr_par' dir='ltr' id='par_1_33' title="bbox 902 2230 1390 2316">
     <span class='ocr_line' id='line_1_70' title="bbox 902 2230 1390 2270; baseline -0.004 -7"><span class='ocrx_word' id='word_1_299' title='bbox 902 2230 1062 2263; x_wconf 85' lang='lat' dir='ltr'>Christum</span> <span class='ocrx_word' id='word_1_300' title='bbox 1088 2237 1195 2270; x_wconf 85' lang='lat' dir='ltr'>regem</span> <span class='ocrx_word' id='word_1_301' title='bbox 1221 2230 1390 2262; x_wconf 87' lang='lat' dir='ltr'>adoremus</span> 
     </span>
     <span class='ocr_line' id='line_1_71' title="bbox 949 2277 1255 2316; baseline -0.003 -6"><span class='ocrx_word' id='word_1_302' title='bbox 949 2278 988 2310; x_wconf 83' lang='lat' dir='ltr'>In</span> <span class='ocrx_word' id='word_1_303' title='bbox 1012 2278 1107 2310; x_wconf 85' lang='lat' dir='ltr'>beato</span> <span class='ocrx_word' id='word_1_304' title='bbox 1128 2277 1255 2316; x_wconf 74' lang='lat' dir='ltr'>Alexio,</span> 
     </span>
    </p>

    <p class='ocr_par' dir='ltr' id='par_1_34' title="bbox 901 2326 1394 2408">
     <span class='ocr_line' id='line_1_72' title="bbox 901 2326 1394 2367; baseline -0.004 -8"><span class='ocrx_word' id='word_1_305' title='bbox 901 2327 947 2360; x_wconf 88' lang='lat' dir='ltr'>Ut</span> <span class='ocrx_word' id='word_1_306' title='bbox 969 2334 1028 2358; x_wconf 88' lang='lat' dir='ltr'>nos</span> <span class='ocrx_word' id='word_1_307' title='bbox 1052 2326 1164 2367; x_wconf 83' lang='lat' dir='ltr'>iungat</span> <span class='ocrx_word' id='word_1_308' title='bbox 1188 2327 1394 2366; x_wconf 88' lang='lat' dir='ltr'>imploremus</span> 
     </span>
     <span class='ocr_line' id='line_1_73' title="bbox 949 2374 1378 2408; baseline -0.005 0"><span class='ocrx_word' id='word_1_309' title='bbox 949 2374 1052 2408; x_wconf 89' lang='lat' dir='ltr'>Huius</span> <span class='ocrx_word' id='word_1_310' title='bbox 1077 2374 1180 2406; x_wconf 82' lang='lat' dir='ltr'>sancti</span> <span class='ocrx_word' id='word_1_311' title='bbox 1207 2374 1378 2407; x_wconf 84' lang='lat' dir='ltr'>consortio.</span> 
     </span>
    </p>
   </div>
  </div>
 </body>
</html>
