<?xml version="1.0" encoding="UTF-8"?>
<!DOCTYPE html PUBLIC "-//W3C//DTD XHTML 1.0 Transitional//EN"
    "http://www.w3.org/TR/xhtml1/DTD/xhtml1-transitional.dtd">
<html xmlns="http://www.w3.org/1999/xhtml" xml:lang="en" lang="en">
 <head>
  <title>
</title>
<meta http-equiv="Content-Type" content="text/html;charset=utf-8" />
  <meta name='ocr-system' content='tesseract 3.04.00' />
  <meta name='ocr-capabilities' content='ocr_page ocr_carea ocr_par ocr_line ocrx_word'/>
</head>
<body>
  <div class='ocr_page' id='page_1' title='image "./analectahymnica25drevuoft_00044.png"; bbox 0 0 1653 2567; ppageno 0'>
   <div class='ocr_carea' id='block_1_1' title="bbox 677 116 904 151">
    <p class='ocr_par' dir='ltr' id='par_1_1' title="bbox 677 116 904 151">
     <span class='ocr_line' id='line_1_1' title="bbox 677 116 904 151; baseline 0 -10"><span class='ocrx_word' id='word_1_1' title='bbox 677 116 808 151; x_wconf 56' lang='grc' dir='ltr'>ῌ41</span> <span class='ocrx_word' id='word_1_2' title='bbox 862 137 904 141; x_wconf 75' lang='grc'>--</span> 
     </span>
    </p>
   </div>
   <div class='ocr_carea' id='block_1_2' title="bbox 126 210 668 531">
    <p class='ocr_par' dir='ltr' id='par_1_2' title="bbox 317 210 571 239">
     <span class='ocr_line' id='line_1_2' title="bbox 317 210 571 239; baseline 0.008 -2"><span class='ocrx_word' id='word_1_3' title='bbox 317 210 365 238; x_wconf 85' lang='lat' dir='ltr'>Ad</span> <span class='ocrx_word' id='word_1_4' title='bbox 385 211 571 239; x_wconf 77' lang='lat' dir='ltr'>Benedictus,</span> 
     </span>
    </p>

    <p class='ocr_par' dir='ltr' id='par_1_3' title="bbox 126 259 668 531">
     <span class='ocr_line' id='line_1_3' title="bbox 126 259 564 301; baseline 0 -10"><span class='ocrx_word' id='word_1_5' title='bbox 126 260 167 292; x_wconf 91' lang='lat' dir='ltr'>A.</span> <span class='ocrx_word' id='word_1_6' title='bbox 201 259 226 292; x_wconf 97' lang='lat' dir='ltr'>O</span> <span class='ocrx_word' id='word_1_7' title='bbox 256 260 390 291; x_wconf 83' lang='lat' dir='ltr'>antistes</span> <span class='ocrx_word' id='word_1_8' title='bbox 415 261 564 301; x_wconf 84' lang='lat' dir='ltr'>gloriose,</span> 
     </span>
     <span class='ocr_line' id='line_1_4' title="bbox 198 307 619 348; baseline 0.002 -9"><span class='ocrx_word' id='word_1_9' title='bbox 198 307 318 340; x_wconf 78' lang='lat' dir='ltr'><strong>Pastor</strong></span> <span class='ocrx_word' id='word_1_10' title='bbox 343 308 449 348; x_wconf 82' lang='lat' dir='ltr'>gregis</span> <span class='ocrx_word' id='word_1_11' title='bbox 473 309 619 347; x_wconf 82' lang='lat' dir='ltr'>speciose</span> 
     </span>
     <span class='ocr_line' id='line_1_5' title="bbox 201 355 616 396; baseline -0.005 -9"><span class='ocrx_word' id='word_1_12' title='bbox 201 357 250 387; x_wconf 85' lang='lat' dir='ltr'>Ae</span> <span class='ocrx_word' id='word_1_13' title='bbox 274 355 309 386; x_wconf 85' lang='lat' dir='ltr'>in</span> <span class='ocrx_word' id='word_1_14' title='bbox 334 356 427 395; x_wconf 80' lang='lat' dir='ltr'>prole</span> <span class='ocrx_word' id='word_1_15' title='bbox 452 363 616 396; x_wconf 80' lang='lat' dir='ltr'>generose,</span> 
     </span>
     <span class='ocr_line' id='line_1_6' title="bbox 200 402 603 435; baseline 0.002 -1"><span class='ocrx_word' id='word_1_16' title='bbox 200 402 402 434; x_wconf 83' lang='lat' dir='ltr'>Intercessor</span> <span class='ocrx_word' id='word_1_17' title='bbox 428 411 498 435; x_wconf 83' lang='lat' dir='ltr'>esse</span> <span class='ocrx_word' id='word_1_18' title='bbox 522 403 603 435; x_wconf 83' lang='lat' dir='ltr'>velis</span> 
     </span>
     <span class='ocr_line' id='line_1_7' title="bbox 200 449 668 489; baseline 0.002 -7"><span class='ocrx_word' id='word_1_19' title='bbox 200 450 265 482; x_wconf 87' lang='lat' dir='ltr'>Pro</span> <span class='ocrx_word' id='word_1_20' title='bbox 290 449 387 489; x_wconf 85' lang='lat' dir='ltr'>plebe</span> <span class='ocrx_word' id='word_1_21' title='bbox 413 450 470 482; x_wconf 88' lang='lat' dir='ltr'>tibi</span> <span class='ocrx_word' id='word_1_22' title='bbox 499 450 668 483; x_wconf 85' lang='lat' dir='ltr'>commissa</span> 
     </span>
     <span class='ocr_line' id='line_1_8' title="bbox 202 497 623 531; baseline 0 -2"><span class='ocrx_word' id='word_1_23' title='bbox 202 497 368 530; x_wconf 81' lang='lat' dir='ltr'>Clamante</span> <span class='ocrx_word' id='word_1_24' title='bbox 395 507 472 531; x_wconf 87' lang='lat' dir='ltr'>voce</span> <span class='ocrx_word' id='word_1_25' title='bbox 499 499 623 530; x_wconf 80' lang='lat' dir='ltr'>omissa.</span> 
     </span>
    </p>
   </div>
   <div class='ocr_carea' id='block_1_3' title="bbox 144 574 691 814">
    <p class='ocr_par' dir='ltr' id='par_1_4' title="bbox 144 574 691 814">
     <span class='ocr_line' id='line_1_9' title="bbox 280 574 627 614; baseline 0.003 -8"><span class='ocrx_word' id='word_1_26' title='bbox 280 575 325 606; x_wconf 84' lang='lat' dir='ltr'>[n</span> <span class='ocrx_word' id='word_1_27' title='bbox 351 575 382 607; x_wconf 86' lang='lat'>2.</span> <span class='ocrx_word' id='word_1_28' title='bbox 408 574 627 614; x_wconf 75' lang='lat' dir='ltr'>Vesperis.</span> 
     </span>
     <span class='ocr_line' id='line_1_10' title="bbox 353 629 552 666; baseline 0.005 -9"><span class='ocrx_word' id='word_1_29' title='bbox 353 629 552 666; x_wconf 79' lang='lat' dir='ltr'>Antiphonae.</span> 
     </span>
     <span class='ocr_line' id='line_1_11' title="bbox 144 677 596 713; baseline -0.002 -2"><span class='ocrx_word' id='word_1_30' title='bbox 144 679 177 713; x_wconf 81' lang='lat'>1.</span> <span class='ocrx_word' id='word_1_31' title='bbox 205 678 315 711; x_wconf 82' lang='lat' dir='ltr'>Arbor</span> <span class='ocrx_word' id='word_1_32' title='bbox 342 677 460 711; x_wconf 85' lang='lat' dir='ltr'>decora</span> <span class='ocrx_word' id='word_1_33' title='bbox 479 678 596 710; x_wconf 80' lang='lat' dir='ltr'>nobilis</span> 
     </span>
     <span class='ocr_line' id='line_1_12' title="bbox 200 725 691 767; baseline 0.002 -10"><span class='ocrx_word' id='word_1_34' title='bbox 200 726 357 758; x_wconf 76' lang='lat' dir='ltr'>Fructum</span> <span class='ocrx_word' id='word_1_35' title='bbox 382 725 511 766; x_wconf 74' lang='lat' dir='ltr'>profert</span> <span class='ocrx_word' id='word_1_36' title='bbox 530 729 565 758; x_wconf 79' lang='lat' dir='ltr'>ut</span> <span class='ocrx_word' id='word_1_37' title='bbox 592 727 691 767; x_wconf 86' lang='lat' dir='ltr'>utilis,</span> 
     </span>
     <span class='ocr_line' id='line_1_13' title="bbox 204 772 675 814; baseline 0.002 -9"><span class='ocrx_word' id='word_1_38' title='bbox 204 773 254 806; x_wconf 86' lang='lat' dir='ltr'>De</span> <span class='ocrx_word' id='word_1_39' title='bbox 279 783 341 814; x_wconf 84' lang='lat' dir='ltr'>quo</span> <span class='ocrx_word' id='word_1_40' title='bbox 366 773 487 814; x_wconf 79' lang='lat' dir='ltr'>gaudet</span> <span class='ocrx_word' id='word_1_41' title='bbox 511 772 675 814; x_wconf 80' lang='lat' dir='ltr'>Neapolis.</span> 
     </span>
    </p>
   </div>
   <div class='ocr_carea' id='block_1_4' title="bbox 144 830 646 960">
    <p class='ocr_par' dir='ltr' id='par_1_5' title="bbox 144 830 646 960">
     <span class='ocr_line' id='line_1_14' title="bbox 144 830 644 871; baseline -0.006 -6"><span class='ocrx_word' id='word_1_42' title='bbox 144 833 175 865; x_wconf 90' lang='lat'>2.</span> <span class='ocrx_word' id='word_1_43' title='bbox 202 831 325 863; x_wconf 86' lang='lat' dir='ltr'>Ramus</span> <span class='ocrx_word' id='word_1_44' title='bbox 351 831 428 863; x_wconf 88' lang='lat' dir='ltr'>inde</span> <span class='ocrx_word' id='word_1_45' title='bbox 452 830 644 871; x_wconf 78' lang='lat' dir='ltr'>protelatur,</span> 
     </span>
     <span class='ocr_line' id='line_1_15' title="bbox 202 877 646 918; baseline -0.007 -6"><span class='ocrx_word' id='word_1_46' title='bbox 202 880 239 912; x_wconf 88' lang='lat' dir='ltr'>In</span> <span class='ocrx_word' id='word_1_47' title='bbox 265 880 401 918; x_wconf 82' lang='lat' dir='ltr'>Agauno</span> <span class='ocrx_word' id='word_1_48' title='bbox 426 877 646 917; x_wconf 80' lang='lat' dir='ltr'>monachatur,</span> 
     </span>
     <span class='ocr_line' id='line_1_16' title="bbox 202 926 559 960; baseline 0.006 -2"><span class='ocrx_word' id='word_1_49' title='bbox 202 926 281 959; x_wconf 85' lang='lat' dir='ltr'>Flos</span> <span class='ocrx_word' id='word_1_50' title='bbox 306 926 432 959; x_wconf 78' lang='lat' dir='ltr'>redolet</span> <span class='ocrx_word' id='word_1_51' title='bbox 454 926 559 960; x_wconf 79' lang='lat' dir='ltr'>sociis,</span> 
     </span>
    </p>
   </div>
   <div class='ocr_carea' id='block_1_5' title="bbox 144 982 695 1071">
    <p class='ocr_par' dir='ltr' id='par_1_6' title="bbox 144 982 695 1071">
     <span class='ocr_line' id='line_1_17' title="bbox 144 982 653 1018; baseline -0.008 0"><span class='ocrx_word' id='word_1_52' title='bbox 144 986 175 1018; x_wconf 84' lang='lat'>3.</span> <span class='ocrx_word' id='word_1_53' title='bbox 203 984 307 1016; x_wconf 78' lang='lat' dir='ltr'>Huius</span> <span class='ocrx_word' id='word_1_54' title='bbox 329 982 417 1016; x_wconf 88' lang='lat' dir='ltr'>floris</span> <span class='ocrx_word' id='word_1_55' title='bbox 445 987 493 1015; x_wconf 79' lang='lat' dir='ltr'>est</span> <span class='ocrx_word' id='word_1_56' title='bbox 517 984 653 1015; x_wconf 81' lang='lat' dir='ltr'>Amatus</span> 
     </span>
     <span class='ocr_line' id='line_1_18' title="bbox 203 1031 695 1071; baseline -0.004 -7"><span class='ocrx_word' id='word_1_57' title='bbox 203 1031 357 1071; x_wconf 78' lang='lat' dir='ltr'>Granum,</span> <span class='ocrx_word' id='word_1_58' title='bbox 385 1031 520 1063; x_wconf 85' lang='lat' dir='ltr'>Domino</span> <span class='ocrx_word' id='word_1_59' title='bbox 548 1031 695 1070; x_wconf 79' lang='lat' dir='ltr'>donatus,</span> 
     </span>
    </p>
   </div>
   <div class='ocr_carea' id='block_1_6' title="bbox 890 211 1404 300">
    <p class='ocr_par' dir='ltr' id='par_1_7' title="bbox 890 211 1404 300">
     <span class='ocr_line' id='line_1_19' title="bbox 891 211 1404 256; baseline -0.004 -10"><span class='ocrx_word' id='word_1_60' title='bbox 891 213 1078 253; x_wconf 81' lang='lat' dir='ltr'>Monachus,</span> <span class='ocrx_word' id='word_1_61' title='bbox 1105 212 1214 256; x_wconf 84' lang='lat' dir='ltr'>abbas,</span> <span class='ocrx_word' id='word_1_62' title='bbox 1240 211 1404 253; x_wconf 81' lang='lat' dir='ltr'>praelatus</span> 
     </span>
     <span class='ocr_line' id='line_1_20' title="bbox 890 261 1350 300; baseline -0.007 -5"><span class='ocrx_word' id='word_1_63' title='bbox 890 261 1084 295; x_wconf 84' lang='lat' dir='ltr'>Sedunensis</span> <span class='ocrx_word' id='word_1_64' title='bbox 1109 263 1183 300; x_wconf 75' lang='lat' dir='ltr'>post</span> <span class='ocrx_word' id='word_1_65' title='bbox 1210 263 1350 292; x_wconf 67' lang='lat' dir='ltr'>vocatus</span> 
     </span>
    </p>
   </div>
   <div class='ocr_carea' id='block_1_7' title="bbox 890 326 1280 462">
    <p class='ocr_par' dir='ltr' id='par_1_8' title="bbox 890 326 1280 462">
     <span class='ocr_line' id='line_1_21' title="bbox 894 326 1264 368; baseline -0.003 -8"><span class='ocrx_word' id='word_1_66' title='bbox 894 327 989 360; x_wconf 84' lang='lat' dir='ltr'>Cuius</span> <span class='ocrx_word' id='word_1_67' title='bbox 1014 327 1106 368; x_wconf 84' lang='lat' dir='ltr'>grani</span> <span class='ocrx_word' id='word_1_68' title='bbox 1130 326 1264 359; x_wconf 81' lang='lat' dir='ltr'>refectio</span> 
     </span>
     <span class='ocr_line' id='line_1_22' title="bbox 890 374 1280 408; baseline -0.008 0"><span class='ocrx_word' id='word_1_69' title='bbox 890 375 970 408; x_wconf 77' lang='lat' dir='ltr'>Fuit</span> <span class='ocrx_word' id='word_1_70' title='bbox 996 374 1161 407; x_wconf 79' lang='lat' dir='ltr'>doctrinae</span> <span class='ocrx_word' id='word_1_71' title='bbox 1183 375 1280 406; x_wconf 85' lang='lat' dir='ltr'>lectio</span> 
     </span>
     <span class='ocr_line' id='line_1_23' title="bbox 892 423 1232 462; baseline -0.009 -6"><span class='ocrx_word' id='word_1_72' title='bbox 892 423 938 456; x_wconf 85' lang='lat' dir='ltr'>Et</span> <span class='ocrx_word' id='word_1_73' title='bbox 960 423 1042 455; x_wconf 82' lang='lat' dir='ltr'>mira</span> <span class='ocrx_word' id='word_1_74' title='bbox 1066 423 1232 462; x_wconf 80' lang='lat' dir='ltr'>patientia.</span> 
     </span>
    </p>
   </div>
   <div class='ocr_carea' id='block_1_8' title="bbox 860 488 1371 529">
    <p class='ocr_par' dir='ltr' id='par_1_9' title="bbox 860 488 1371 529">
     <span class='ocr_line' id='line_1_24' title="bbox 860 488 1371 529; baseline -0.006 -6"><span class='ocrx_word' id='word_1_75' title='bbox 860 516 867 523; x_wconf 90' lang='lat'><em>.</em></span> <span class='ocrx_word' id='word_1_76' title='bbox 893 488 1073 522; x_wconf 82' lang='lat' dir='ltr'>Aurivillae</span> <span class='ocrx_word' id='word_1_77' title='bbox 1097 489 1236 529; x_wconf 78' lang='lat' dir='ltr'>gaudeat</span> <span class='ocrx_word' id='word_1_78' title='bbox 1256 489 1371 529; x_wconf 71' lang='lat' dir='ltr'>contio,</span> 
     </span>
    </p>
   </div>
   <div class='ocr_carea' id='block_1_9' title="bbox 893 535 1434 625">
    <p class='ocr_par' dir='ltr' id='par_1_10' title="bbox 893 535 1434 625">
     <span class='ocr_line' id='line_1_25' title="bbox 893 535 1411 577; baseline -0.002 -7"><span class='ocrx_word' id='word_1_79' title='bbox 893 537 996 570; x_wconf 81' lang='lat' dir='ltr'>Huius</span> <span class='ocrx_word' id='word_1_80' title='bbox 1022 537 1127 568; x_wconf 82' lang='lat' dir='ltr'>sancti</span> <span class='ocrx_word' id='word_1_81' title='bbox 1150 535 1259 568; x_wconf 84' lang='lat' dir='ltr'>fruens</span> <span class='ocrx_word' id='word_1_82' title='bbox 1285 538 1411 577; x_wconf 81' lang='lat' dir='ltr'>solatio,</span> 
     </span>
     <span class='ocr_line' id='line_1_26' title="bbox 895 585 1434 625; baseline 0.004 -8"><span class='ocrx_word' id='word_1_83' title='bbox 895 585 959 618; x_wconf 87' lang='lat' dir='ltr'>Per</span> <span class='ocrx_word' id='word_1_84' title='bbox 985 592 1077 625; x_wconf 90' lang='lat' dir='ltr'>quem</span> <span class='ocrx_word' id='word_1_85' title='bbox 1104 585 1205 616; x_wconf 78' lang='lat' dir='ltr'>crevit</span> <span class='ocrx_word' id='word_1_86' title='bbox 1228 585 1273 616; x_wconf 90' lang='lat' dir='ltr'>ibi</span> <span class='ocrx_word' id='word_1_87' title='bbox 1299 585 1434 620; x_wconf 80' lang='lat' dir='ltr'>devotio.</span> 
     </span>
    </p>
   </div>
   <div class='ocr_carea' id='block_1_10' title="bbox 1016 678 1261 715">
    <p class='ocr_par' dir='ltr' id='par_1_11' title="bbox 1016 678 1261 715">
     <span class='ocr_line' id='line_1_27' title="bbox 1016 678 1261 715; baseline -0.004 -9"><span class='ocrx_word' id='word_1_88' title='bbox 1016 678 1062 706; x_wconf 76' lang='lat' dir='ltr'>Ad</span> <span class='ocrx_word' id='word_1_89' title='bbox 1080 678 1261 715; x_wconf 78' lang='lat' dir='ltr'>Magnificat.</span> 
     </span>
    </p>
   </div>
   <div class='ocr_carea' id='block_1_11' title="bbox 894 744 1401 1071">
    <p class='ocr_par' dir='ltr' id='par_1_12' title="bbox 894 744 1248 778">
     <span class='ocr_line' id='line_1_28' title="bbox 894 744 1248 778; baseline -0.003 0"><span class='ocrx_word' id='word_1_90' title='bbox 894 744 978 778; x_wconf 88' lang='lat' dir='ltr'>Dum</span> <span class='ocrx_word' id='word_1_91' title='bbox 1005 748 1116 778; x_wconf 82' lang='lat' dir='ltr'>catena</span> <span class='ocrx_word' id='word_1_92' title='bbox 1141 744 1248 777; x_wconf 80' lang='lat' dir='ltr'>ferrea</span> 
     </span>
    </p>

    <p class='ocr_par' dir='ltr' id='par_1_13' title="bbox 895 793 1310 880">
     <span class='ocr_line' id='line_1_29' title="bbox 895 793 1310 837; baseline -0.005 -11"><span class='ocrx_word' id='word_1_93' title='bbox 895 793 1003 834; x_wconf 66' lang='lat' dir='ltr'>(lingit</span> <span class='ocrx_word' id='word_1_94' title='bbox 1025 793 1161 837; x_wconf 79' lang='lat' dir='ltr'>lumbos,</span> <span class='ocrx_word' id='word_1_95' title='bbox 1193 801 1310 825; x_wconf 81' lang='lat' dir='ltr'>carnea</span> 
     </span>
     <span class='ocr_line' id='line_1_30' title="bbox 896 840 1240 880; baseline -0.003 -7"><span class='ocrx_word' id='word_1_96' title='bbox 896 840 1052 873; x_wconf 85' lang='lat' dir='ltr'>Domatur</span> <span class='ocrx_word' id='word_1_97' title='bbox 1077 840 1240 880; x_wconf 82' lang='lat' dir='ltr'>superbia,</span> 
     </span>
    </p>

    <p class='ocr_par' dir='ltr' id='par_1_14' title="bbox 895 888 1401 1071">
     <span class='ocr_line' id='line_1_31' title="bbox 896 888 1335 928; baseline -0.002 -7"><span class='ocrx_word' id='word_1_98' title='bbox 896 888 941 921; x_wconf 79' lang='lat' dir='ltr'>Et</span> <span class='ocrx_word' id='word_1_99' title='bbox 966 889 1122 928; x_wconf 78' lang='lat' dir='ltr'>exemplis</span> <span class='ocrx_word' id='word_1_100' title='bbox 1147 898 1223 921; x_wconf 79' lang='lat' dir='ltr'>suae</span> <span class='ocrx_word' id='word_1_101' title='bbox 1248 889 1335 920; x_wconf 85' lang='lat' dir='ltr'>vitae</span> 
     </span>
     <span class='ocr_line' id='line_1_32' title="bbox 895 936 1319 976; baseline -0.002 -8"><span class='ocrx_word' id='word_1_102' title='bbox 895 936 1016 968; x_wconf 83' lang='lat' dir='ltr'>Multos</span> <span class='ocrx_word' id='word_1_103' title='bbox 1044 937 1137 968; x_wconf 84' lang='lat' dir='ltr'>docet</span> <span class='ocrx_word' id='word_1_104' title='bbox 1161 939 1193 967; x_wconf 85' lang='lat' dir='ltr'>et</span> <span class='ocrx_word' id='word_1_105' title='bbox 1215 936 1319 976; x_wconf 78' lang='lat' dir='ltr'>perite</span> 
     </span>
     <span class='ocr_line' id='line_1_33' title="bbox 895 983 1370 1024; baseline -0.002 -8"><span class='ocrx_word' id='word_1_106' title='bbox 895 984 992 1016; x_wconf 81' lang='lat' dir='ltr'>Rexit</span> <span class='ocrx_word' id='word_1_107' title='bbox 1015 992 1142 1024; x_wconf 82' lang='lat' dir='ltr'>gregem</span> <span class='ocrx_word' id='word_1_108' title='bbox 1167 983 1370 1016; x_wconf 85' lang='lat' dir='ltr'>Dominicum</span> 
     </span>
     <span class='ocr_line' id='line_1_34' title="bbox 895 1031 1401 1071; baseline 0.002 -8"><span class='ocrx_word' id='word_1_109' title='bbox 895 1032 990 1063; x_wconf 75' lang='lat' dir='ltr'>quta</span> <span class='ocrx_word' id='word_1_110' title='bbox 1012 1031 1144 1063; x_wconf 84' lang='lat' dir='ltr'>verbum</span> <span class='ocrx_word' id='word_1_111' title='bbox 1167 1031 1401 1071; x_wconf 81' lang='lat' dir='ltr'>propheticum.</span> 
     </span>
    </p>
   </div>
   <div class='ocr_carea' id='block_1_12' title="bbox 206 1094 1455 1133">
    <p class='ocr_par' dir='ltr' id='par_1_15' title="bbox 206 1094 1455 1133">
     <span class='ocr_line' id='line_1_35' title="bbox 206 1094 1455 1133; baseline 0 -8"><span class='ocrx_word' id='word_1_112' title='bbox 206 1097 293 1125; x_wconf 76' lang='lat' dir='ltr'>Brev.</span> <span class='ocrx_word' id='word_1_113' title='bbox 314 1096 486 1125; x_wconf 79' lang='lat' dir='ltr'>Sedunense</span> <span class='ocrx_word' id='word_1_114' title='bbox 513 1098 584 1132; x_wconf 78' lang='lat' dir='ltr'>imp.</span> <span class='ocrx_word' id='word_1_115' title='bbox 612 1104 636 1122; x_wconf 81' lang='lat' dir='ltr'>s.</span> <span class='ocrx_word' id='word_1_116' title='bbox 663 1097 684 1124; x_wconf 88' lang='lat' dir='ltr'>l.</span> <span class='ocrx_word' id='word_1_117' title='bbox 712 1098 743 1124; x_wconf 85' lang='lat' dir='ltr'>et</span> <span class='ocrx_word' id='word_1_118' title='bbox 762 1105 789 1124; x_wconf 83' lang='lat' dir='ltr'>a.</span> <span class='ocrx_word' id='word_1_119' title='bbox 810 1096 844 1123; x_wconf 84' lang='lat' dir='ltr'>A.</span> <span class='ocrx_word' id='word_1_120' title='bbox 873 1111 909 1115; x_wconf 88' lang='lat'>—</span> <span class='ocrx_word' id='word_1_121' title='bbox 929 1094 1015 1124; x_wconf 76' lang='lat' dir='ltr'>Brev.</span> <span class='ocrx_word' id='word_1_122' title='bbox 1037 1095 1208 1124; x_wconf 76' lang='lat' dir='ltr'>Sedunense</span> <span class='ocrx_word' id='word_1_123' title='bbox 1227 1097 1296 1133; x_wconf 80' lang='lat' dir='ltr'>imp.</span> <span class='ocrx_word' id='word_1_124' title='bbox 1319 1098 1455 1125; x_wconf 33' lang='lat' dir='ltr'>maneae</span> 
     </span>
    </p>
   </div>
   <div class='ocr_carea' id='block_1_13' title="bbox 132 1131 645 1171">
    <p class='ocr_par' dir='ltr' id='par_1_16' title="bbox 132 1131 645 1171">
     <span class='ocr_line' id='line_1_36' title="bbox 132 1131 645 1171; baseline -0.004 -8"><span class='ocrx_word' id='word_1_125' title='bbox 132 1134 206 1164; x_wconf 84' lang='lat'>1497</span> <span class='ocrx_word' id='word_1_126' title='bbox 226 1137 259 1164; x_wconf 89' lang='grc' dir='ltr'>Β.</span> <span class='ocrx_word' id='word_1_127' title='bbox 286 1149 324 1154; x_wconf 86' lang='grc'>-</span> <span class='ocrx_word' id='word_1_128' title='bbox 351 1136 394 1163; x_wconf 89' lang='lat' dir='ltr'>In</span> <span class='ocrx_word' id='word_1_129' title='bbox 424 1133 448 1163; x_wconf 86' lang='grc'>1.</span> <span class='ocrx_word' id='word_1_130' title='bbox 474 1134 584 1171; x_wconf 84' lang='lat' dir='ltr'>Vesp.</span> <span class='ocrx_word' id='word_1_131' title='bbox 608 1131 645 1168; x_wconf 83' lang='grc' dir='ltr'>Β,</span> 
     </span>
    </p>
   </div>
   <div class='ocr_carea' id='block_1_14' title="bbox 673 1132 1117 1171">
    <p class='ocr_par' dir='ltr' id='par_1_17' title="bbox 673 1132 1117 1171">
     <span class='ocr_line' id='line_1_37' title="bbox 673 1132 1117 1171; baseline -0.005 -9"><span class='ocrx_word' id='word_1_132' title='bbox 673 1132 691 1162; x_wconf 73' lang='grc' dir='ltr'><em>ὃ</em></span> <span class='ocrx_word' id='word_1_133' title='bbox 720 1137 766 1163; x_wconf 78' lang='lat' dir='ltr'>est</span> <span class='ocrx_word' id='word_1_134' title='bbox 785 1135 817 1162; x_wconf 83' lang='lat' dir='ltr'>B.</span> <span class='ocrx_word' id='word_1_135' title='bbox 839 1149 876 1153; x_wconf 92' lang='lat'>-—</span> <span class='ocrx_word' id='word_1_136' title='bbox 897 1134 942 1162; x_wconf 83' lang='lat' dir='ltr'>Ad</span> <span class='ocrx_word' id='word_1_137' title='bbox 958 1135 1057 1171; x_wconf 77' lang='lat' dir='ltr'>Magn.</span> <span class='ocrx_word' id='word_1_138' title='bbox 1081 1134 1117 1168; x_wconf 90' lang='grc' dir='ltr'>Α,</span> 
     </span>
    </p>
   </div>
   <div class='ocr_carea' id='block_1_15' title="bbox 1145 1133 1455 1163">
    <p class='ocr_par' dir='ltr' id='par_1_18' title="bbox 1145 1133 1455 1163">
     <span class='ocr_line' id='line_1_38' title="bbox 1145 1133 1455 1163; baseline 0.006 -2"><span class='ocrx_word' id='word_1_139' title='bbox 1145 1133 1163 1162; x_wconf 68' lang='grc' dir='ltr'>ξ’·</span> <span class='ocrx_word' id='word_1_140' title='bbox 1185 1135 1281 1163; x_wconf 81' lang='lat' dir='ltr'>clarus</span> <span class='ocrx_word' id='word_1_141' title='bbox 1302 1135 1336 1162; x_wconf 84' lang='lat' dir='ltr'>A.</span> <span class='ocrx_word' id='word_1_142' title='bbox 1356 1151 1393 1155; x_wconf 88' lang='lat'>—</span> <span class='ocrx_word' id='word_1_143' title='bbox 1412 1136 1455 1163; x_wconf 88' lang='lat' dir='ltr'>In</span> 
     </span>
    </p>
   </div>
   <div class='ocr_carea' id='block_1_16' title="bbox 129 1170 1456 1324">
    <p class='ocr_par' dir='ltr' id='par_1_19' title="bbox 129 1170 1456 1247">
     <span class='ocr_line' id='line_1_39' title="bbox 131 1170 1456 1209; baseline 0 -8"><span class='ocrx_word' id='word_1_144' title='bbox 131 1173 156 1201; x_wconf 85' lang='lat'>1.</span> <span class='ocrx_word' id='word_1_145' title='bbox 179 1174 283 1203; x_wconf 68' lang='lat' dir='ltr'>Noct.</span> <span class='ocrx_word' id='word_1_146' title='bbox 305 1171 328 1199; x_wconf 82' lang='grc' dir='ltr'>Α</span> <span class='ocrx_word' id='word_1_147' title='bbox 350 1171 383 1206; x_wconf 82' lang='grc'>2,</span> <span class='ocrx_word' id='word_1_148' title='bbox 407 1171 421 1200; x_wconf 88' lang='grc'>1</span> <span class='ocrx_word' id='word_1_149' title='bbox 443 1173 611 1209; x_wconf 79' lang='lat' dir='ltr'>Aganensis</span> <span class='ocrx_word' id='word_1_150' title='bbox 633 1172 665 1207; x_wconf 84' lang='lat' dir='ltr'>A,</span> <span class='ocrx_word' id='word_1_151' title='bbox 687 1173 858 1209; x_wconf 87' lang='lat' dir='ltr'>Aguncnsis</span> <span class='ocrx_word' id='word_1_152' title='bbox 878 1174 912 1201; x_wconf 89' lang='lat' dir='ltr'>B.</span> <span class='ocrx_word' id='word_1_153' title='bbox 934 1187 969 1191; x_wconf 91' lang='lat'><strong>—</strong></span> <span class='ocrx_word' id='word_1_154' title='bbox 990 1172 1035 1200; x_wconf 83' lang='lat' dir='ltr'>In</span> <span class='ocrx_word' id='word_1_155' title='bbox 1054 1170 1082 1200; x_wconf 83' lang='lat'>2.</span> <span class='ocrx_word' id='word_1_156' title='bbox 1102 1173 1207 1200; x_wconf 74' lang='lat' dir='ltr'>Noet.</span> <span class='ocrx_word' id='word_1_157' title='bbox 1233 1171 1253 1197; x_wconf 81' lang='grc' dir='ltr'>Β</span> <span class='ocrx_word' id='word_1_158' title='bbox 1275 1171 1301 1206; x_wconf 79' lang='lat'>2,</span> <span class='ocrx_word' id='word_1_159' title='bbox 1322 1172 1341 1200; x_wconf 83' lang='lat'>2</span> <span class='ocrx_word' id='word_1_160' title='bbox 1361 1175 1456 1201; x_wconf 85' lang='lat' dir='ltr'>maior</span> 
     </span>
     <span class='ocr_line' id='line_1_40' title="bbox 129 1208 1398 1247; baseline -0.001 -7"><span class='ocrx_word' id='word_1_161' title='bbox 129 1212 163 1240; x_wconf 84' lang='lat' dir='ltr'>fit</span> <span class='ocrx_word' id='word_1_162' title='bbox 181 1212 243 1240; x_wconf 71' lang='lat' dir='ltr'>AB„</span> <span class='ocrx_word' id='word_1_163' title='bbox 265 1227 301 1231; x_wconf 92' lang='lat'><strong>—</strong></span> <span class='ocrx_word' id='word_1_164' title='bbox 322 1212 366 1239; x_wconf 85' lang='lat' dir='ltr'>In</span> <span class='ocrx_word' id='word_1_165' title='bbox 386 1208 412 1239; x_wconf 84' lang='lat'>3.</span> <span class='ocrx_word' id='word_1_166' title='bbox 434 1212 536 1239; x_wconf 82' lang='lat' dir='ltr'>Noct.</span> <span class='ocrx_word' id='word_1_167' title='bbox 559 1210 581 1237; x_wconf 89' lang='grc' dir='ltr'>Α</span> <span class='ocrx_word' id='word_1_168' title='bbox 606 1208 630 1244; x_wconf 82' lang='lat'>1,</span> <span class='ocrx_word' id='word_1_169' title='bbox 653 1209 671 1239; x_wconf 85' lang='lat'><strong>3</strong></span> <span class='ocrx_word' id='word_1_170' title='bbox 693 1211 761 1239; x_wconf 83' lang='lat' dir='ltr'>Lies</span> <span class='ocrx_word' id='word_1_171' title='bbox 783 1211 925 1247; x_wconf 54' lang='lat' dir='ltr'>prat-sul?</span> <span class='ocrx_word' id='word_1_172' title='bbox 944 1227 962 1231; x_wconf 82' lang='lat'>—</span> <span class='ocrx_word' id='word_1_173' title='bbox 1003 1210 1025 1236; x_wconf 93' lang='grc' dir='ltr'>Α</span> <span class='ocrx_word' id='word_1_174' title='bbox 1047 1208 1073 1239; x_wconf 83' lang='lat'>3.</span> <span class='ocrx_word' id='word_1_175' title='bbox 1094 1209 1197 1239; x_wconf 81' lang='lat' dir='ltr'>4Lies</span> <span class='ocrx_word' id='word_1_176' title='bbox 1214 1210 1265 1239; x_wconf 76' lang='lat' dir='ltr'>Fit</span> <span class='ocrx_word' id='word_1_177' title='bbox 1283 1213 1398 1239; x_wconf 73' lang='lat' dir='ltr'>nostri?</span> 
     </span>
    </p>

    <p class='ocr_par' dir='ltr' id='par_1_20' title="bbox 130 1247 1456 1324">
     <span class='ocr_line' id='line_1_41' title="bbox 133 1247 1455 1284; baseline 0.001 -7"><span class='ocrx_word' id='word_1_178' title='bbox 133 1249 153 1277; x_wconf 97' lang='grc' dir='ltr'>Β</span> <span class='ocrx_word' id='word_1_179' title='bbox 183 1248 216 1283; x_wconf 82' lang='lat'>2,</span> <span class='ocrx_word' id='word_1_180' title='bbox 243 1248 264 1277; x_wconf 81' lang='lat'><strong>4</strong></span> <span class='ocrx_word' id='word_1_181' title='bbox 289 1252 322 1277; x_wconf 89' lang='lat' dir='ltr'>in</span> <span class='ocrx_word' id='word_1_182' title='bbox 348 1250 506 1277; x_wconf 78' lang='lat' dir='ltr'>matricula</span> <span class='ocrx_word' id='word_1_183' title='bbox 525 1249 585 1277; x_wconf 92' lang='lat' dir='ltr'>AB.</span> <span class='ocrx_word' id='word_1_184' title='bbox 614 1264 650 1268; x_wconf 89' lang='lat'><strong>—</strong></span> <span class='ocrx_word' id='word_1_185' title='bbox 681 1247 701 1275; x_wconf 95' lang='grc' dir='ltr'>Β</span> <span class='ocrx_word' id='word_1_186' title='bbox 722 1248 755 1283; x_wconf 85' lang='grc'>3,</span> <span class='ocrx_word' id='word_1_187' title='bbox 783 1249 799 1277; x_wconf 83' lang='grc'><strong>9</strong></span> <span class='ocrx_word' id='word_1_188' title='bbox 820 1250 913 1277; x_wconf 76' lang='lat' dir='ltr'>claret</span> <span class='ocrx_word' id='word_1_189' title='bbox 933 1249 970 1281; x_wconf 82' lang='lat' dir='ltr'>B;</span> <span class='ocrx_word' id='word_1_190' title='bbox 998 1249 1061 1277; x_wconf 86' lang='lat' dir='ltr'>dies</span> <span class='ocrx_word' id='word_1_191' title='bbox 1083 1247 1103 1276; x_wconf 95' lang='grc' dir='ltr'>Β</span> <span class='ocrx_word' id='word_1_192' title='bbox 1124 1249 1200 1277; x_wconf 75' lang='lat' dir='ltr'>fehlt</span> <span class='ocrx_word' id='word_1_193' title='bbox 1217 1249 1253 1277; x_wconf 93' lang='lat' dir='ltr'>A.</span> <span class='ocrx_word' id='word_1_194' title='bbox 1273 1265 1308 1270; x_wconf 90' lang='lat'>-—</span> <span class='ocrx_word' id='word_1_195' title='bbox 1334 1248 1354 1276; x_wconf 83' lang='grc' dir='ltr'>Β</span> <span class='ocrx_word' id='word_1_196' title='bbox 1374 1249 1409 1284; x_wconf 85' lang='lat'>4,</span> <span class='ocrx_word' id='word_1_197' title='bbox 1437 1248 1455 1278; x_wconf 81' lang='lat'>3</span> 
     </span>
     <span class='ocr_line' id='line_1_42' title="bbox 130 1285 1456 1324; baseline -0.002 -8"><span class='ocrx_word' id='word_1_198' title='bbox 130 1289 248 1317; x_wconf 82' lang='lat' dir='ltr'>Laudes</span> <span class='ocrx_word' id='word_1_199' title='bbox 272 1289 330 1316; x_wconf 70' lang='lat' dir='ltr'>’nihi</span> <span class='ocrx_word' id='word_1_200' title='bbox 357 1287 418 1316; x_wconf 78' lang='lat' dir='ltr'>AB.</span> <span class='ocrx_word' id='word_1_201' title='bbox 446 1304 485 1308; x_wconf 90' lang='lat'><strong>—</strong></span> <span class='ocrx_word' id='word_1_202' title='bbox 509 1288 554 1315; x_wconf 74' lang='lat' dir='ltr'>In</span> <span class='ocrx_word' id='word_1_203' title='bbox 578 1286 605 1315; x_wconf 85' lang='lat'>2.</span> <span class='ocrx_word' id='word_1_204' title='bbox 630 1289 743 1324; x_wconf 77' lang='lat' dir='ltr'>Vesp.</span> <span class='ocrx_word' id='word_1_205' title='bbox 763 1286 784 1314; x_wconf 82' lang='grc' dir='ltr'>Α</span> <span class='ocrx_word' id='word_1_206' title='bbox 806 1286 840 1323; x_wconf 79' lang='lat'>4,</span> <span class='ocrx_word' id='word_1_207' title='bbox 867 1285 885 1315; x_wconf 84' lang='lat'><strong>3</strong></span> <span class='ocrx_word' id='word_1_208' title='bbox 904 1296 987 1315; x_wconf 83' lang='lat' dir='ltr'>mera</span> <span class='ocrx_word' id='word_1_209' title='bbox 1009 1287 1070 1315; x_wconf 85' lang='lat' dir='ltr'>AB.</span> <span class='ocrx_word' id='word_1_210' title='bbox 1096 1302 1134 1307; x_wconf 82' lang='lat'>—</span> <span class='ocrx_word' id='word_1_211' title='bbox 1157 1288 1217 1316; x_wconf 83' lang='lat' dir='ltr'>Die</span> <span class='ocrx_word' id='word_1_212' title='bbox 1238 1288 1377 1323; x_wconf 81' lang='lat' dir='ltr'>Hymnen</span> <span class='ocrx_word' id='word_1_213' title='bbox 1395 1288 1456 1324; x_wconf 79' lang='lat' dir='ltr'>vgl.</span> 
     </span>
    </p>
   </div>
   <div class='ocr_carea' id='block_1_17' title="bbox 130 1323 529 1355">
    <p class='ocr_par' dir='ltr' id='par_1_21' title="bbox 130 1323 529 1355">
     <span class='ocr_line' id='line_1_43' title="bbox 130 1323 529 1355; baseline -0.003 -1"><span class='ocrx_word' id='word_1_214' title='bbox 130 1327 217 1355; x_wconf 82' lang='lat' dir='ltr'>Anal.</span> <span class='ocrx_word' id='word_1_215' title='bbox 238 1327 311 1355; x_wconf 84' lang='lat' dir='ltr'>XIX</span> <span class='ocrx_word' id='word_1_216' title='bbox 332 1327 383 1355; x_wconf 88' lang='lat' dir='ltr'>Nr.</span> <span class='ocrx_word' id='word_1_217' title='bbox 406 1323 529 1355; x_wconf 85' lang='grc'>58-60,</span> 
     </span>
    </p>
   </div>
   <div class='ocr_carea' id='block_1_18' title="bbox 574 1428 1013 1460">
    <p class='ocr_par' dir='ltr' id='par_1_22' title="bbox 574 1428 1013 1460">
     <span class='ocr_line' id='line_1_44' title="bbox 574 1428 1013 1460; baseline 0.002 -1"><span class='ocrx_word' id='word_1_218' title='bbox 574 1428 615 1459; x_wconf 82' lang='grc'>13.</span> <span class='ocrx_word' id='word_1_219' title='bbox 647 1429 691 1460; x_wconf 85' lang='lat' dir='ltr'>De</span> <span class='ocrx_word' id='word_1_220' title='bbox 712 1430 820 1460; x_wconf 79' lang='lat' dir='ltr'>saneto</span> <span class='ocrx_word' id='word_1_221' title='bbox 840 1429 1013 1460; x_wconf 83' lang='lat' dir='ltr'>Ambrosio.</span> 
     </span>
    </p>
   </div>
   <div class='ocr_carea' id='block_1_19' title="bbox 279 1509 628 1549">
    <p class='ocr_par' dir='ltr' id='par_1_23' title="bbox 279 1509 628 1549">
     <span class='ocr_line' id='line_1_45' title="bbox 279 1509 628 1549; baseline 0.003 -7"><span class='ocrx_word' id='word_1_222' title='bbox 279 1510 326 1542; x_wconf 89' lang='lat' dir='ltr'>In</span> <span class='ocrx_word' id='word_1_223' title='bbox 352 1511 381 1543; x_wconf 87' lang='lat'>1.</span> <span class='ocrx_word' id='word_1_224' title='bbox 411 1509 519 1549; x_wconf 88' lang='lat' dir='ltr'>Vesp</span> <span class='ocrx_word' id='word_1_225' title='bbox 532 1510 628 1543; x_wconf 79' lang='lat' dir='ltr'>eris.</span> 
     </span>
    </p>
   </div>
   <div class='ocr_carea' id='block_1_20' title="bbox 345 1575 543 1612">
    <p class='ocr_par' dir='ltr' id='par_1_24' title="bbox 345 1575 543 1612">
     <span class='ocr_line' id='line_1_46' title="bbox 345 1575 543 1612; baseline -0.005 -9"><span class='ocrx_word' id='word_1_226' title='bbox 345 1575 543 1612; x_wconf 77' lang='lat' dir='ltr'>Antiphonae.</span> 
     </span>
    </p>
   </div>
   <div class='ocr_carea' id='block_1_21' title="bbox 147 1624 648 1898">
    <p class='ocr_par' dir='ltr' id='par_1_25' title="bbox 147 1624 648 1898">
     <span class='ocr_line' id='line_1_47' title="bbox 147 1624 606 1659; baseline -0.007 0"><span class='ocrx_word' id='word_1_227' title='bbox 147 1626 179 1659; x_wconf 90' lang='lat'>1.</span> <span class='ocrx_word' id='word_1_228' title='bbox 208 1624 263 1657; x_wconf 85' lang='lat' dir='ltr'>Sol</span> <span class='ocrx_word' id='word_1_229' title='bbox 289 1626 439 1656; x_wconf 82' lang='lat' dir='ltr'>aeternae</span> <span class='ocrx_word' id='word_1_230' title='bbox 463 1624 606 1657; x_wconf 84' lang='lat' dir='ltr'>iustitiae</span> 
     </span>
     <span class='ocr_line' id='line_1_48' title="bbox 205 1671 648 1713; baseline -0.002 -8"><span class='ocrx_word' id='word_1_231' title='bbox 205 1673 293 1705; x_wconf 83' lang='lat' dir='ltr'>Ante</span> <span class='ocrx_word' id='word_1_232' title='bbox 316 1673 429 1705; x_wconf 87' lang='lat' dir='ltr'>mundi</span> <span class='ocrx_word' id='word_1_233' title='bbox 453 1671 648 1713; x_wconf 86' lang='lat' dir='ltr'>principium</span> 
     </span>
     <span class='ocr_line' id='line_1_49' title="bbox 205 1720 646 1753; baseline -0.002 0"><span class='ocrx_word' id='word_1_234' title='bbox 205 1720 344 1753; x_wconf 79' lang='lat' dir='ltr'>Sanctae</span> <span class='ocrx_word' id='word_1_235' title='bbox 368 1720 465 1753; x_wconf 88' lang='lat' dir='ltr'>matri</span> <span class='ocrx_word' id='word_1_236' title='bbox 492 1721 646 1753; x_wconf 86' lang='lat' dir='ltr'>ecclesiae</span> 
     </span>
     <span class='ocr_line' id='line_1_50' title="bbox 201 1768 597 1802; baseline -0.008 0"><span class='ocrx_word' id='word_1_237' title='bbox 201 1769 370 1802; x_wconf 83' lang='lat' dir='ltr'>Praevidit</span> <span class='ocrx_word' id='word_1_238' title='bbox 393 1768 597 1800; x_wconf 77' lang='lat' dir='ltr'>utilissimum</span> 
     </span>
     <span class='ocr_line' id='line_1_51' title="bbox 202 1816 647 1857; baseline -0.002 -8"><span class='ocrx_word' id='word_1_239' title='bbox 202 1817 386 1857; x_wconf 81' lang='lat' dir='ltr'>Doctorem,</span> <span class='ocrx_word' id='word_1_240' title='bbox 414 1816 647 1849; x_wconf 78' lang='lat' dir='ltr'>fertilissimum</span> 
     </span>
     <span class='ocr_line' id='line_1_52' title="bbox 202 1864 630 1898; baseline 0 0"><span class='ocrx_word' id='word_1_241' title='bbox 202 1864 388 1898; x_wconf 86' lang='lat' dir='ltr'>Pontificem</span> <span class='ocrx_word' id='word_1_242' title='bbox 416 1865 630 1898; x_wconf 82' lang='lat' dir='ltr'>Ambrosium.</span> 
     </span>
    </p>
   </div>
   <div class='ocr_carea' id='block_1_22' title="bbox 145 1921 715 2342">
    <p class='ocr_par' dir='ltr' id='par_1_26' title="bbox 145 1921 715 2342">
     <span class='ocr_line' id='line_1_53' title="bbox 145 1921 715 1964; baseline -0.004 -8"><span class='ocrx_word' id='word_1_243' title='bbox 145 1926 177 1956; x_wconf 85' lang='lat'>2.</span> <span class='ocrx_word' id='word_1_244' title='bbox 203 1923 366 1964; x_wconf 89' lang='lat' dir='ltr'>Ambrosi,</span> <span class='ocrx_word' id='word_1_245' title='bbox 394 1922 513 1955; x_wconf 76' lang='lat' dir='ltr'>Christi</span> <span class='ocrx_word' id='word_1_246' title='bbox 540 1921 715 1962; x_wconf 84' lang='lat' dir='ltr'>confessor,</span> 
     </span>
     <span class='ocr_line' id='line_1_54' title="bbox 205 1970 630 2012; baseline 0 -9"><span class='ocrx_word' id='word_1_247' title='bbox 205 1971 292 2003; x_wconf 82' lang='lat' dir='ltr'>Audi</span> <span class='ocrx_word' id='word_1_248' title='bbox 318 1974 467 2012; x_wconf 76' lang='lat' dir='ltr'>rogantes</span> <span class='ocrx_word' id='word_1_249' title='bbox 493 1970 630 2004; x_wconf 79' lang='lat' dir='ltr'>famulos</span> 
     </span>
     <span class='ocr_line' id='line_1_55' title="bbox 204 2019 641 2060; baseline -0.002 -9"><span class='ocrx_word' id='word_1_250' title='bbox 204 2020 247 2051; x_wconf 80' lang='lat' dir='ltr'>Et</span> <span class='ocrx_word' id='word_1_251' title='bbox 275 2020 479 2060; x_wconf 81' lang='lat' dir='ltr'>impetratam</span> <span class='ocrx_word' id='word_1_252' title='bbox 509 2019 641 2051; x_wconf 80' lang='lat' dir='ltr'>caelitus</span> 
     </span>
     <span class='ocr_line' id='line_1_56' title="bbox 204 2064 643 2108; baseline -0.002 -9"><span class='ocrx_word' id='word_1_253' title='bbox 204 2068 254 2099; x_wconf 84' lang='lat' dir='ltr'>Tu</span> <span class='ocrx_word' id='word_1_254' title='bbox 286 2065 377 2100; x_wconf 82' lang='lat' dir='ltr'>defer</span> <span class='ocrx_word' id='word_1_255' title='bbox 401 2064 643 2108; x_wconf 82' lang='lat' dir='ltr'>indulgentiam.</span> 
     </span>
     <span class='ocr_line' id='line_1_57' title="bbox 204 2114 553 2156; baseline -0.006 -8"><span class='ocrx_word' id='word_1_256' title='bbox 204 2116 229 2148; x_wconf 94' lang='grc' dir='ltr'>Ο</span> <span class='ocrx_word' id='word_1_257' title='bbox 256 2117 366 2148; x_wconf 78' lang='lat' dir='ltr'>sancte</span> <span class='ocrx_word' id='word_1_258' title='bbox 390 2114 553 2156; x_wconf 87' lang='lat' dir='ltr'>Ambrosi,</span> 
     </span>
     <span class='ocr_line' id='line_1_58' title="bbox 205 2163 470 2203; baseline -0.004 -8"><span class='ocrx_word' id='word_1_259' title='bbox 205 2163 302 2196; x_wconf 83' lang='lat' dir='ltr'>Sidus</span> <span class='ocrx_word' id='word_1_260' title='bbox 328 2171 470 2203; x_wconf 87' lang='lat' dir='ltr'>aureum,</span> 
     </span>
     <span class='ocr_line' id='line_1_59' title="bbox 205 2211 466 2252; baseline 0 -8"><span class='ocrx_word' id='word_1_261' title='bbox 205 2211 337 2244; x_wconf 82' lang='lat' dir='ltr'>Domini</span> <span class='ocrx_word' id='word_1_262' title='bbox 362 2211 466 2252; x_wconf 83' lang='lat' dir='ltr'>gratia</span> 
     </span>
     <span class='ocr_line' id='line_1_60' title="bbox 205 2259 696 2299; baseline -0.002 -7"><span class='ocrx_word' id='word_1_263' title='bbox 205 2259 380 2292; x_wconf 76' lang='lat' dir='ltr'>Servorum</span> <span class='ocrx_word' id='word_1_264' title='bbox 405 2259 541 2299; x_wconf 79' lang='lat' dir='ltr'>gemitus</span> <span class='ocrx_word' id='word_1_265' title='bbox 566 2259 696 2299; x_wconf 75' lang='lat' dir='ltr'>suscipe</span> 
     </span>
     <span class='ocr_line' id='line_1_61' title="bbox 206 2307 514 2342; baseline -0.01 0"><span class='ocrx_word' id='word_1_266' title='bbox 206 2307 311 2342; x_wconf 85' lang='lat' dir='ltr'>Solita</span> <span class='ocrx_word' id='word_1_267' title='bbox 336 2308 514 2340; x_wconf 82' lang='lat' dir='ltr'>clementia.</span> 
     </span>
    </p>
   </div>
   <div class='ocr_carea' id='block_1_23' title="bbox 145 2364 587 2447">
    <p class='ocr_par' dir='ltr' id='par_1_27' title="bbox 145 2364 587 2447">
     <span class='ocr_line' id='line_1_62' title="bbox 145 2364 534 2406; baseline -0.015 -4"><span class='ocrx_word' id='word_1_268' title='bbox 145 2370 177 2402; x_wconf 81' lang='lat'>3.</span> <span class='ocrx_word' id='word_1_269' title='bbox 204 2368 346 2400; x_wconf 81' lang='lat' dir='ltr'>Arianae</span> <span class='ocrx_word' id='word_1_270' title='bbox 375 2364 534 2406; x_wconf 85' lang='lat' dir='ltr'>perfidiae</span> 
     </span>
     <span class='ocr_line' id='line_1_63' title="bbox 206 2413 587 2447; baseline -0.005 0"><span class='ocrx_word' id='word_1_271' title='bbox 206 2414 422 2447; x_wconf 83' lang='lat' dir='ltr'>Obnubilatae</span> <span class='ocrx_word' id='word_1_272' title='bbox 444 2413 587 2445; x_wconf 81' lang='lat' dir='ltr'>tenebris</span> 
     </span>
    </p>
   </div>
   <div class='ocr_carea' id='block_1_24' title="bbox 838 1907 870 1938">
    <p class='ocr_par' dir='ltr' id='par_1_28' title="bbox 838 1907 870 1938">
     <span class='ocr_line' id='line_1_64' title="bbox 838 1907 870 1938; baseline -0.031 0"><span class='ocrx_word' id='word_1_273' title='bbox 838 1907 870 1938; x_wconf 83' lang='lat'>5.</span> 
     </span>
    </p>
   </div>
   <div class='ocr_carea' id='block_1_25' title="bbox 895 1508 1226 1638">
    <p class='ocr_par' dir='ltr' id='par_1_29' title="bbox 895 1508 1226 1638">
     <span class='ocr_line' id='line_1_65' title="bbox 898 1508 1226 1544; baseline -0.006 -1"><span class='ocrx_word' id='word_1_274' title='bbox 898 1510 1065 1544; x_wconf 84' lang='lat' dir='ltr'>Concessit</span> <span class='ocrx_word' id='word_1_275' title='bbox 1089 1508 1226 1541; x_wconf 88' lang='lat' dir='ltr'>sublime</span> 
     </span>
     <span class='ocr_line' id='line_1_66' title="bbox 896 1557 1199 1589; baseline -0.003 0"><span class='ocrx_word' id='word_1_276' title='bbox 896 1557 1018 1589; x_wconf 84' lang='lat' dir='ltr'>Lumen</span> <span class='ocrx_word' id='word_1_277' title='bbox 1044 1557 1199 1588; x_wconf 82' lang='lat' dir='ltr'>ecclcsiae</span> 
     </span>
     <span class='ocr_line' id='line_1_67' title="bbox 895 1604 1186 1638; baseline -0.007 0"><span class='ocrx_word' id='word_1_278' title='bbox 895 1604 1061 1638; x_wconf 89' lang='lat' dir='ltr'>Ambrosii</span> <span class='ocrx_word' id='word_1_279' title='bbox 1086 1605 1186 1637; x_wconf 86' lang='lat' dir='ltr'>Deus.</span> 
     </span>
    </p>
   </div>
   <div class='ocr_carea' id='block_1_26' title="bbox 894 1682 1299 1867">
    <p class='ocr_par' dir='ltr' id='par_1_30' title="bbox 894 1682 1299 1867">
     <span class='ocr_line' id='line_1_68' title="bbox 895 1682 1249 1723; baseline -0.006 -9"><span class='ocrx_word' id='word_1_280' title='bbox 895 1682 1059 1723; x_wconf 83' lang='lat' dir='ltr'>Apperuit</span> <span class='ocrx_word' id='word_1_281' title='bbox 1082 1682 1249 1713; x_wconf 80' lang='lat' dir='ltr'>thesauros</span> 
     </span>
     <span class='ocr_line' id='line_1_69' title="bbox 894 1730 1299 1770; baseline -0.002 -8"><span class='ocrx_word' id='word_1_282' title='bbox 894 1730 1085 1762; x_wconf 83' lang='lat' dir='ltr'>Ambrosius</span> <span class='ocrx_word' id='word_1_283' title='bbox 1110 1730 1144 1761; x_wconf 91' lang='lat' dir='ltr'>in</span> <span class='ocrx_word' id='word_1_284' title='bbox 1169 1730 1299 1770; x_wconf 86' lang='lat' dir='ltr'>mundo,</span> 
     </span>
     <span class='ocr_line' id='line_1_70' title="bbox 896 1776 1259 1819; baseline -0.006 -9"><span class='ocrx_word' id='word_1_285' title='bbox 896 1778 1055 1819; x_wconf 71' lang='lat' dir='ltr'>Dignatur</span> <span class='ocrx_word' id='word_1_286' title='bbox 1081 1786 1141 1817; x_wconf 82' lang='lat' dir='ltr'>pro</span> <span class='ocrx_word' id='word_1_287' title='bbox 1165 1776 1259 1809; x_wconf 78' lang='lat' dir='ltr'>nobis</span> 
     </span>
     <span class='ocr_line' id='line_1_71' title="bbox 895 1824 1246 1867; baseline -0.003 -8"><span class='ocrx_word' id='word_1_288' title='bbox 895 1827 1022 1867; x_wconf 80' lang='lat' dir='ltr'>Rogare</span> <span class='ocrx_word' id='word_1_289' title='bbox 1047 1824 1149 1858; x_wconf 81' lang='lat' dir='ltr'>filium</span> <span class='ocrx_word' id='word_1_290' title='bbox 1175 1825 1246 1858; x_wconf 64' lang='lat' dir='ltr'>Dei.</span> 
     </span>
    </p>
   </div>
   <div class='ocr_carea' id='block_1_27' title="bbox 896 1903 1388 2134">
    <p class='ocr_par' dir='ltr' id='par_1_31' title="bbox 898 1903 1310 1992">
     <span class='ocr_line' id='line_1_72' title="bbox 898 1903 1310 1936; baseline -0.002 -1"><span class='ocrx_word' id='word_1_291' title='bbox 898 1904 968 1936; x_wconf 77' lang='lat' dir='ltr'>Vox</span> <span class='ocrx_word' id='word_1_292' title='bbox 992 1903 1126 1936; x_wconf 82' lang='lat' dir='ltr'>infantis</span> <span class='ocrx_word' id='word_1_293' title='bbox 1151 1904 1310 1935; x_wconf 84' lang='lat' dir='ltr'>insonuit:</span> 
     </span>
     <span class='ocr_line' id='line_1_73' title="bbox 898 1951 1234 1992; baseline -0.003 -8"><span class='ocrx_word' id='word_1_294' title='bbox 898 1951 1020 1992; x_wconf 87' lang='lat' dir='ltr'>Dignus</span> <span class='ocrx_word' id='word_1_295' title='bbox 1045 1951 1234 1985; x_wconf 78' lang='lat' dir='ltr'>Ambrosius</span> 
     </span>
    </p>

    <p class='ocr_par' dir='ltr' id='par_1_32' title="bbox 896 1999 1238 2040">
     <span class='ocr_line' id='line_1_74' title="bbox 896 1999 1238 2040; baseline -0.006 -8"><span class='ocrx_word' id='word_1_296' title='bbox 896 1999 961 2033; x_wconf 89' lang='lat' dir='ltr'>Hic</span> <span class='ocrx_word' id='word_1_297' title='bbox 987 2000 1047 2031; x_wconf 85' lang='lat' dir='ltr'>erit</span> <span class='ocrx_word' id='word_1_298' title='bbox 1072 1999 1238 2040; x_wconf 84' lang='lat' dir='ltr'>episcopus</span> 
     </span>
    </p>

    <p class='ocr_par' dir='ltr' id='par_1_33' title="bbox 897 2047 1388 2134">
     <span class='ocr_line' id='line_1_75' title="bbox 897 2047 1345 2079; baseline -0.004 0"><span class='ocrx_word' id='word_1_299' title='bbox 897 2047 951 2079; x_wconf 84' lang='lat' dir='ltr'>Ad</span> <span class='ocrx_word' id='word_1_300' title='bbox 979 2047 1067 2079; x_wconf 85' lang='lat' dir='ltr'>cuius</span> <span class='ocrx_word' id='word_1_301' title='bbox 1095 2047 1182 2079; x_wconf 86' lang='lat' dir='ltr'>vocis</span> <span class='ocrx_word' id='word_1_302' title='bbox 1207 2050 1345 2078; x_wconf 74' lang='lat' dir='ltr'>sonitum</span> 
     </span>
     <span class='ocr_line' id='line_1_76' title="bbox 897 2094 1388 2134; baseline -0.002 -6"><span class='ocrx_word' id='word_1_303' title='bbox 897 2096 1055 2128; x_wconf 84' lang='lat' dir='ltr'>Fremens</span> <span class='ocrx_word' id='word_1_304' title='bbox 1081 2095 1218 2127; x_wconf 75' lang='lat' dir='ltr'>resultat</span> <span class='ocrx_word' id='word_1_305' title='bbox 1240 2094 1388 2134; x_wconf 62' lang='lat' dir='ltr'>populus</span> 
     </span>
    </p>
   </div>
   <div class='ocr_carea' id='block_1_28' title="bbox 1025 2196 1272 2233">
    <p class='ocr_par' dir='ltr' id='par_1_34' title="bbox 1025 2196 1272 2233">
     <span class='ocr_line' id='line_1_77' title="bbox 1025 2196 1272 2233; baseline -0.008 -7"><span class='ocrx_word' id='word_1_306' title='bbox 1025 2198 1072 2226; x_wconf 72' lang='lat' dir='ltr'>Ad</span> <span class='ocrx_word' id='word_1_307' title='bbox 1090 2196 1272 2233; x_wconf 63' lang='lat' dir='ltr'>Magnificat.</span> 
     </span>
    </p>
   </div>
   <div class='ocr_carea' id='block_1_29' title="bbox 828 2266 1158 2300">
    <p class='ocr_par' dir='ltr' id='par_1_35' title="bbox 828 2266 1158 2300">
     <span class='ocr_line' id='line_1_78' title="bbox 828 2266 1158 2300; baseline -0.009 0"><span class='ocrx_word' id='word_1_308' title='bbox 828 2267 869 2300; x_wconf 89' lang='lat' dir='ltr'>A.</span> <span class='ocrx_word' id='word_1_309' title='bbox 900 2266 1047 2299; x_wconf 80' lang='lat' dir='ltr'>Lucerna</span> <span class='ocrx_word' id='word_1_310' title='bbox 1070 2267 1158 2298; x_wconf 78' lang='lat' dir='ltr'>lueet</span> 
     </span>
    </p>
   </div>
   <div class='ocr_carea' id='block_1_30' title="bbox 901 2314 1281 2452">
    <p class='ocr_par' dir='ltr' id='par_1_36' title="bbox 901 2314 1281 2452">
     <span class='ocr_line' id='line_1_79' title="bbox 945 2314 1281 2354; baseline 0.003 -9"><span class='ocrx_word' id='word_1_311' title='bbox 945 2315 981 2346; x_wconf 85' lang='lat' dir='ltr'>in</span> <span class='ocrx_word' id='word_1_312' title='bbox 1005 2315 1125 2354; x_wconf 86' lang='lat' dir='ltr'>templo</span> <span class='ocrx_word' id='word_1_313' title='bbox 1152 2314 1281 2346; x_wconf 87' lang='lat' dir='ltr'>Domini</span> 
     </span>
     <span class='ocr_line' id='line_1_80' title="bbox 901 2362 1204 2402; baseline 0.003 -8"><span class='ocrx_word' id='word_1_314' title='bbox 901 2362 994 2394; x_wconf 84' lang='lat' dir='ltr'>Viam</span> <span class='ocrx_word' id='word_1_315' title='bbox 1018 2363 1204 2402; x_wconf 84' lang='lat' dir='ltr'>praebendo</span> 
     </span>
     <span class='ocr_line' id='line_1_81' title="bbox 949 2411 1206 2452; baseline 0.008 -10"><span class='ocrx_word' id='word_1_316' title='bbox 949 2411 1053 2444; x_wconf 86' lang='lat' dir='ltr'>oranti</span> <span class='ocrx_word' id='word_1_317' title='bbox 1076 2412 1206 2452; x_wconf 87' lang='lat' dir='ltr'>populo,</span> 
     </span>
    </p>
   </div>
  </div>
 </body>
</html>
