1653 2567
248 229 331 261 Hinc
356 234 520 262 aeternum
547 237 657 266 cantat
681 236 780 267 melos

315 277 378 309 Pro
401 278 531 310 honoris
558 281 670 320 gloria.

381 372 591 407 Responsoria.

185 427 213 459 1.
244 428 417 461 Crescente
441 428 528 461 fama
553 430 614 462 viri
639 431 700 464 Dei

241 476 457 509 Adventantis
485 477 591 517 plebis
615 479 643 510 ei

242 523 423 556 Concursus
448 524 620 565 increbuit,

241 572 331 611 Quod
359 573 409 604 vir
434 575 563 604 sanctus
589 573 732 616 horruit3

240 619 374 652 Romam
400 620 499 660 igitur
523 621 653 660 petebat

238 667 363 700 Adiens
390 668 590 710 Gregorium,

241 714 302 747 Cui
328 716 433 748 cordis
460 716 650 756 exponebat,

239 764 330 796 Intus
354 763 509 805 quidquid
535 764 655 803 habuit,

239 810 489 851 Deposcensque
514 812 693 844 clanculum

239 859 357 900 Anguli
385 859 553 892 latibulum

241 908 338 947 Apud
365 908 538 940 oratorium

239 955 350 988 Sancti
376 956 474 994 Petri,
501 955 648 988 manibus

239 1003 308 1041 Qua.
327 1012 387 1043 pro
415 1003 481 1035 suis
508 1003 646 1035 victibus

237 1050 375 1090 Operari
404 1051 556 1090 cupiebat

238 1098 377 1139 Degens,
401 1107 462 1131 nec
487 1099 643 1139 obtinuit;

196 1170 203 1177 .
235 1146 318 1177 Nam
346 1147 380 1180 in
404 1146 532 1179 modum
558 1156 644 1187 papa
665 1148 780 1180 mirum

237 1193 376 1234 Stupens
402 1195 581 1226 sanctitatis
607 1195 710 1227 virum

239 1241 328 1274 Clam
353 1243 433 1274 inito
464 1243 596 1275 consilio

238 1289 379 1322 Invitum
404 1291 586 1322 sacerdotio

238 1338 404 1370 Promovit
430 1338 504 1370 dato
531 1338 629 1378 pallio

240 1386 434 1418 Praedicare
460 1387 593 1426 monuit,

240 1432 294 1464 Sic
319 1434 385 1465 voti
409 1434 512 1473 impos

239 1480 382 1513 Redibat
403 1481 516 1513 tristis.

208 1574 215 1581 .
241 1548 431 1580 Fulminant
451 1547 615 1587 miracula,

241 1594 348 1636 Signis
374 1598 490 1628 tonant
514 1596 652 1635 saecula,

239 1642 308 1675 Fur
331 1644 436 1675 mulae
461 1643 634 1685 reducitur,

241 1690 341 1723 Latro
368 1692 455 1723 vitae
479 1691 637 1732 redditur,

242 1739 366 1771 Piscem
397 1737 503 1771 defert
527 1739 644 1780 aquila,

240 1787 345 1820 Ursus
369 1788 457 1819 iussu
483 1787 648 1827 sternitur,

239 1836 388 1876 Saginam
416 1834 481 1868 fert
504 1840 541 1868 ut
568 1835 715 1875 domitus,

236 1883 374 1916 Lumine
397 1882 605 1924 perfunditur

237 1931 283 1965 Et
306 1932 406 1965 odore
433 1931 577 1972 caelitus,

239 1980 326 2012 Fons
351 1988 456 2021 aquae
483 1980 679 2019 conceditur,

237 2028 359 2061 Horam
385 2028 528 2069 praescit
552 2027 668 2062 obitus,

196 2101 203 2108 .
236 2077 356 2117 Zymae
381 2079 456 2117 post
478 2076 691 2116 novationem,

239 2124 391 2165 Corporis
420 2123 628 2166 ablutionem,

237 2173 361 2205 Missae
386 2172 634 2205 celebrationem

238 2221 334 2254 Celer
365 2220 453 2253 caelo
478 2220 628 2252 meritum

236 2269 345 2310 Digne
370 2268 482 2302 reddit
506 2268 665 2309 spiritum.

203 2360 210 2368 .
236 2337 384 2378 Bagatha
410 2336 620 2378 contrahitur,

237 2384 355 2417 Sancto
383 2385 459 2417 dum
484 2384 677 2427 obloquitur,

235 2432 299 2466 Hic
326 2432 471 2465 defuncti
494 2432 627 2465 naribus

806 139 875 173 223

937 236 1067 268 Calidus
1092 236 1220 275 sanguis
1247 234 1390 268 febribus

933 283 1120 315 Dominicus
1146 284 1286 326 curatur,

936 330 1071 362 Labitur
1095 338 1155 361 nec
1179 330 1319 361 laeditur

935 378 1018 410 Puer
1043 376 1244 418 praecipitio,

933 426 1092 464 Arreptus
1118 433 1138 455 a
1162 423 1327 455 daemonio

932 472 1055 512 Fugato
1080 470 1246 510 liberatur,

862 518 899 551 V.
934 519 1107 551 Cuiusdam
1130 527 1241 549 manus
1267 519 1361 550 arida

935 566 1000 599 Sub
1027 565 1146 598 feretro
1171 564 1210 597 fit
1233 566 1352 605 vigida,

932 614 999 653 Quo
1025 615 1153 646 sanctus
1181 613 1378 652 deportatur.

998 755 1359 790 1113.Nocturno.

1072 841 1269 877 Antiphonae.

874 901 903 932 1.
929 900 980 932 Ex
1007 900 1068 933 viri
1092 899 1156 932 Dei

929 948 1104 988 Enophoro

929 995 1072 1027 Mustum
1099 993 1227 1027 fervens

931 1043 1062 1083 Spinam
1089 1042 1237 1085 excussit,

931 1091 1058 1132 Integer
1084 1094 1188 1123 tamen

931 1138 1052 1179 Liquor
1077 1138 1239 1171 remansit.

871 1196 902 1227 2.
930 1195 1065 1235 Quidam
1090 1196 1174 1227 latro
1200 1196 1266 1227 eius
1291 1196 1410 1228 mulam

976 1243 1132 1283 surripuit

931 1291 976 1323 Et
1000 1300 1039 1323 ex
1064 1292 1126 1323 hac
1152 1290 1346 1323 descendere

980 1340 1133 1380 nequivit,

930 1387 1042 1419 Donec
1064 1391 1174 1419 sancto
1200 1386 1342 1426 praesuli

981 1444 1052 1467 sese
1076 1434 1306 1475 praesentavit.

874 1494 905 1525 3.
933 1492 1056 1524 Triduo
1082 1499 1254 1530 suspensus

932 1539 1031 1572 Latro
1057 1539 1139 1572 tanti
1163 1539 1225 1571 viri

932 1587 1164 1619 Benedictione

933 1635 983 1667 De
1008 1634 1166 1675 supplicio

931 1683 1030 1715 Vivus
1058 1682 1238 1723 deponitur.

1070 1778 1279 1812 Responsoria.

875 1846 905 1878 1.
933 1845 1027 1878 Beati
1052 1844 1239 1879 Corbiniani

980 1893 1176 1935 saginarium

932 1941 962 1974 E
987 1942 1093 1974 vicina
1118 1941 1201 1973 silva

981 1999 1074 2022 ursus
1100 1989 1247 2030 arripuit,

934 2037 1033 2077 Quem
1057 2038 1185 2070 incauto

981 2087 1113 2118 custode
1138 2085 1316 2125 prostravit

932 2133 1203 2172 Membratimque

983 2182 1183 2219 dilaceravit,

861 2229 899 2261 V.
935 2228 994 2261 Cui
1019 2232 1149 2262 sanctus
1170 2229 1313 2269 saginam
1330 2230 1493 2270 imposuit,

933 2278 1033 2317 Quam
1059 2278 1194 2310 Romam
1218 2286 1319 2318 usque
1343 2279 1495 2320 perduxit

979 2325 1019 2357 In
1045 2326 1115 2358 loco
1142 2324 1269 2360 caballi.

875 2383 906 2415 2.
935 2381 1071 2414 Sanctus
1096 2381 1159 2415 Dei
1183 2383 1298 2423 plenus
1325 2384 1445 2417 virtute

935 2429 1014 2463 Cum
1027 2431 1126 2472 pisce,
1142 2440 1235 2471 quem
1249 2433 1495 2467 administrante
