<?xml version="1.0" encoding="UTF-8"?>
<!DOCTYPE html PUBLIC "-//W3C//DTD XHTML 1.0 Transitional//EN"
    "http://www.w3.org/TR/xhtml1/DTD/xhtml1-transitional.dtd">
<html xmlns="http://www.w3.org/1999/xhtml" xml:lang="en" lang="en">
 <head>
  <title>
</title>
<meta http-equiv="Content-Type" content="text/html;charset=utf-8" />
  <meta name='ocr-system' content='tesseract 3.04.00' />
  <meta name='ocr-capabilities' content='ocr_page ocr_carea ocr_par ocr_line ocrx_word'/>
</head>
<body>
  <div class='ocr_page' id='page_1' title='image "./analectahymnica25drevuoft_00098.png"; bbox 0 0 1653 2567; ppageno 0'>
   <div class='ocr_carea' id='block_1_1' title="bbox 74 205 604 342">
    <p class='ocr_par' dir='ltr' id='par_1_1' title="bbox 74 205 604 342">
     <span class='ocr_line' id='line_1_1' title="bbox 74 205 591 249; baseline 0.014 -15"><span class='ocrx_word' id='word_1_1' title='bbox 74 205 113 237; x_wconf 85' lang='lat' dir='ltr'><strong>V.</strong></span> <span class='ocrx_word' id='word_1_2' title='bbox 146 206 225 239; x_wconf 82' lang='lat' dir='ltr'><strong>Vult</strong></span> <span class='ocrx_word' id='word_1_3' title='bbox 249 215 386 247; x_wconf 79' lang='lat' dir='ltr'><strong>nai-nque</strong></span> <span class='ocrx_word' id='word_1_4' title='bbox 409 206 472 239; x_wconf 81' lang='lat' dir='ltr'><strong>Dei</strong></span> <span class='ocrx_word' id='word_1_5' title='bbox 497 207 591 249; x_wconf 86' lang='lat' dir='ltr'><strong>filius,</strong></span> 
     </span>
     <span class='ocr_line' id='line_1_2' title="bbox 146 253 604 293; baseline 0.009 -9"><span class='ocrx_word' id='word_1_6' title='bbox 146 253 353 293; x_wconf 81' lang='lat' dir='ltr'><strong>Quaerendus</strong></span> <span class='ocrx_word' id='word_1_7' title='bbox 379 254 422 286; x_wconf 88' lang='lat' dir='ltr'><strong>sit</strong></span> <span class='ocrx_word' id='word_1_8' title='bbox 445 255 604 288; x_wconf 86' lang='lat' dir='ltr'><strong>Antonius</strong></span> 
     </span>
     <span class='ocr_line' id='line_1_3' title="bbox 145 300 596 342; baseline 0.007 -9"><span class='ocrx_word' id='word_1_9' title='bbox 145 302 199 333; x_wconf 81' lang='lat' dir='ltr'><strong>Ad</strong></span> <span class='ocrx_word' id='word_1_10' title='bbox 224 300 400 342; x_wconf 78' lang='lat' dir='ltr'><strong>fugandum</strong></span> <span class='ocrx_word' id='word_1_11' title='bbox 427 302 596 336; x_wconf 81' lang='lat' dir='ltr'><strong>daemonia</strong></span> 
     </span>
    </p>
   </div>
   <div class='ocr_carea' id='block_1_2' title="bbox 145 348 703 392">
    <p class='ocr_par' dir='ltr' id='par_1_2' title="bbox 145 348 703 392">
     <span class='ocr_line' id='line_1_4' title="bbox 145 348 703 392; baseline 0.005 -11"><span class='ocrx_word' id='word_1_12' title='bbox 145 348 285 390; x_wconf 82' lang='lat' dir='ltr'>Septem,</span> <span class='ocrx_word' id='word_1_13' title='bbox 312 358 393 389; x_wconf 85' lang='lat' dir='ltr'><strong>quae</strong></span> <span class='ocrx_word' id='word_1_14' title='bbox 416 353 490 382; x_wconf 86' lang='lat' dir='ltr'><strong>sunt</strong></span> <span class='ocrx_word' id='word_1_15' title='bbox 514 351 547 382; x_wconf 91' lang='lat' dir='ltr'><strong>in</strong></span> <span class='ocrx_word' id='word_1_16' title='bbox 573 351 703 392; x_wconf 81' lang='lat' dir='ltr'>Sophia.</span> 
     </span>
    </p>
   </div>
   <div class='ocr_carea' id='block_1_3' title="bbox 76 405 649 1700">
    <p class='ocr_par' dir='ltr' id='par_1_3' title="bbox 76 405 649 1700">
     <span class='ocr_line' id='line_1_5' title="bbox 91 405 649 447; baseline 0.002 -8"><span class='ocrx_word' id='word_1_17' title='bbox 91 408 123 439; x_wconf 83' lang='lat'><strong>2.</strong></span> <span class='ocrx_word' id='word_1_18' title='bbox 151 405 230 438; x_wconf 83' lang='lat' dir='ltr'><strong>Cum</strong></span> <span class='ocrx_word' id='word_1_19' title='bbox 254 407 438 447; x_wconf 81' lang='lat' dir='ltr'><strong>Aegyptum</strong></span> <span class='ocrx_word' id='word_1_20' title='bbox 465 407 649 440; x_wconf 70' lang='lat' dir='ltr'><strong>visitassent</strong></span> 
     </span>
     <span class='ocr_line' id='line_1_6' title="bbox 144 453 450 494; baseline 0 -8"><span class='ocrx_word' id='word_1_21' title='bbox 144 453 247 486; x_wconf 79' lang='lat' dir='ltr'><strong>Misso</strong></span> <span class='ocrx_word' id='word_1_22' title='bbox 272 454 450 494; x_wconf 80' lang='lat' dir='ltr'><strong>Theophilo</strong></span> 
     </span>
     <span class='ocr_line' id='line_1_7' title="bbox 146 500 532 544; baseline 0.003 -10"><span class='ocrx_word' id='word_1_23' title='bbox 146 502 219 534; x_wconf 82' lang='lat' dir='ltr'><strong>Viri</strong></span> <span class='ocrx_word' id='word_1_24' title='bbox 243 500 361 534; x_wconf 85' lang='lat' dir='ltr'><strong>fratres</strong></span> <span class='ocrx_word' id='word_1_25' title='bbox 388 502 532 544; x_wconf 86' lang='lat' dir='ltr'><strong>tantique</strong></span> 
     </span>
     <span class='ocr_line' id='line_1_8' title="bbox 145 549 577 592; baseline 0.007 -11"><span class='ocrx_word' id='word_1_26' title='bbox 145 549 303 582; x_wconf 78' lang='lat' dir='ltr'>Thesauri</span> <span class='ocrx_word' id='word_1_27' title='bbox 328 558 427 590; x_wconf 85' lang='lat' dir='ltr'><strong>super</strong></span> <span class='ocrx_word' id='word_1_28' title='bbox 448 552 577 592; x_wconf 83' lang='lat' dir='ltr'><strong>negotio</strong></span> 
     </span>
     <span class='ocr_line' id='line_1_9' title="bbox 145 596 463 631; baseline 0.003 -2"><span class='ocrx_word' id='word_1_29' title='bbox 145 597 235 630; x_wconf 87' lang='lat' dir='ltr'><strong>Totis</strong></span> <span class='ocrx_word' id='word_1_30' title='bbox 260 596 463 631; x_wconf 78' lang='lat' dir='ltr'><strong>laborassent</strong></span> 
     </span>
     <span class='ocr_line' id='line_1_10' title="bbox 148 645 481 685; baseline 0.006 -9"><span class='ocrx_word' id='word_1_31' title='bbox 148 645 278 679; x_wconf 79' lang='lat' dir='ltr'><strong>Viribus</strong></span> <span class='ocrx_word' id='word_1_32' title='bbox 301 645 481 685; x_wconf 76' lang='lat' dir='ltr'><strong>innitendo,</strong></span> 
     </span>
     <span class='ocr_line' id='line_1_11' title="bbox 76 693 554 727; baseline 0 0"><span class='ocrx_word' id='word_1_33' title='bbox 76 693 113 727; x_wconf 82' lang='lat' dir='ltr'><strong>V.</strong></span> <span class='ocrx_word' id='word_1_34' title='bbox 144 693 290 727; x_wconf 81' lang='lat' dir='ltr'>Tandem</span> <span class='ocrx_word' id='word_1_35' title='bbox 317 702 387 726; x_wconf 88' lang='lat' dir='ltr'><strong>cum</strong></span> <span class='ocrx_word' id='word_1_36' title='bbox 411 694 554 727; x_wconf 83' lang='lat' dir='ltr'><strong>lacrimis</strong></span> 
     </span>
     <span class='ocr_line' id='line_1_12' title="bbox 145 741 471 775; baseline -0.003 0"><span class='ocrx_word' id='word_1_37' title='bbox 145 741 274 775; x_wconf 83' lang='lat' dir='ltr'><strong>Orando</strong></span> <span class='ocrx_word' id='word_1_38' title='bbox 299 741 471 774; x_wconf 90' lang='lat' dir='ltr'><strong>Dominum</strong></span> 
     </span>
     <span class='ocr_line' id='line_1_13' title="bbox 146 789 486 822; baseline -0.003 0"><span class='ocrx_word' id='word_1_39' title='bbox 146 789 249 822; x_wconf 85' lang='lat' dir='ltr'><strong>Simul</strong></span> <span class='ocrx_word' id='word_1_40' title='bbox 279 790 321 821; x_wconf 80' lang='lat' dir='ltr'><strong>atl</strong></span> <span class='ocrx_word' id='word_1_41' title='bbox 347 798 486 822; x_wconf 85' lang='lat' dir='ltr'><strong>eremum</strong></span> 
     </span>
     <span class='ocr_line' id='line_1_14' title="bbox 145 838 471 878; baseline -0.003 -8"><span class='ocrx_word' id='word_1_42' title='bbox 145 838 215 870; x_wconf 86' lang='lat' dir='ltr'><strong>Iter</strong></span> <span class='ocrx_word' id='word_1_43' title='bbox 238 845 298 877; x_wconf 86' lang='lat' dir='ltr'><strong>pcr</strong></span> <span class='ocrx_word' id='word_1_44' title='bbox 323 846 471 878; x_wconf 85' lang='lat' dir='ltr'><strong>asperum</strong></span> 
     </span>
     <span class='ocr_line' id='line_1_15' title="bbox 146 885 435 925; baseline -0.003 -8"><span class='ocrx_word' id='word_1_45' title='bbox 146 885 239 918; x_wconf 82' lang='lat' dir='ltr'><strong>Viam</strong></span> <span class='ocrx_word' id='word_1_46' title='bbox 265 886 435 925; x_wconf 76' lang='lat' dir='ltr'><strong>arripiunt,</strong></span> 
     </span>
     <span class='ocr_line' id='line_1_16' title="bbox 146 932 508 965; baseline -0.006 0"><span class='ocrx_word' id='word_1_47' title='bbox 146 933 237 965; x_wconf 87' lang='lat' dir='ltr'><strong>Sicut</strong></span> <span class='ocrx_word' id='word_1_48' title='bbox 262 936 332 965; x_wconf 82' lang='lat' dir='ltr'><strong>erat</strong></span> <span class='ocrx_word' id='word_1_49' title='bbox 356 932 508 965; x_wconf 78' lang='lat' dir='ltr'><strong>futurum.</strong></span> 
     </span>
     <span class='ocr_line' id='line_1_17' title="bbox 96 989 562 1024; baseline 0 -1"><span class='ocrx_word' id='word_1_50' title='bbox 96 991 128 1024; x_wconf 76' lang='lat'><strong>3.</strong></span> <span class='ocrx_word' id='word_1_51' title='bbox 155 989 307 1022; x_wconf 85' lang='lat' dir='ltr'><strong>Sincerus</strong></span> <span class='ocrx_word' id='word_1_52' title='bbox 332 998 404 1022; x_wconf 83' lang='lat' dir='ltr'><strong>cum</strong></span> <span class='ocrx_word' id='word_1_53' title='bbox 429 990 562 1023; x_wconf 79' lang='lat' dir='ltr'><strong>eremita</strong></span> 
     </span>
     <span class='ocr_line' id='line_1_18' title="bbox 150 1037 505 1070; baseline -0.003 -1"><span class='ocrx_word' id='word_1_54' title='bbox 150 1037 248 1069; x_wconf 82' lang='lat' dir='ltr'><strong>Silvis</strong></span> <span class='ocrx_word' id='word_1_55' title='bbox 272 1037 435 1070; x_wconf 72' lang='lat' dir='ltr'><strong>latitasset</strong></span> <span class='ocrx_word' id='word_1_56' title='bbox 457 1038 505 1069; x_wconf 90' lang='lat' dir='ltr'><strong>ita</strong></span> 
     </span>
     <span class='ocr_line' id='line_1_19' title="bbox 197 1084 606 1126; baseline -0.002 -8"><span class='ocrx_word' id='word_1_57' title='bbox 197 1085 350 1118; x_wconf 88' lang='lat' dir='ltr'><strong>Fundans</strong></span> <span class='ocrx_word' id='word_1_58' title='bbox 376 1084 606 1126; x_wconf 80' lang='lat' dir='ltr'><strong>habitaculum,</strong></span> 
     </span>
     <span class='ocr_line' id='line_1_20' title="bbox 147 1133 611 1172; baseline 0.002 -8"><span class='ocrx_word' id='word_1_59' title='bbox 147 1133 261 1165; x_wconf 84' lang='lat' dir='ltr'><strong>Plures</strong></span> <span class='ocrx_word' id='word_1_60' title='bbox 286 1133 320 1165; x_wconf 89' lang='lat' dir='ltr'><strong>in</strong></span> <span class='ocrx_word' id='word_1_61' title='bbox 346 1142 408 1172; x_wconf 86' lang='lat' dir='ltr'><strong>quo</strong></span> <span class='ocrx_word' id='word_1_62' title='bbox 433 1133 611 1165; x_wconf 78' lang='lat' dir='ltr'><strong>residentes</strong></span> 
     </span>
     <span class='ocr_line' id='line_1_21' title="bbox 147 1180 576 1213; baseline 0.002 -1"><span class='ocrx_word' id='word_1_63' title='bbox 147 1180 280 1213; x_wconf 82' lang='lat' dir='ltr'><strong>Fratres</strong></span> <span class='ocrx_word' id='word_1_64' title='bbox 305 1180 375 1213; x_wconf 88' lang='lat' dir='ltr'><strong>Deo</strong></span> <span class='ocrx_word' id='word_1_65' title='bbox 400 1181 576 1213; x_wconf 82' lang='lat' dir='ltr'><strong>servientes</strong></span> 
     </span>
     <span class='ocr_line' id='line_1_22' title="bbox 194 1228 578 1268; baseline -0.003 -7"><span class='ocrx_word' id='word_1_66' title='bbox 194 1228 382 1261; x_wconf 83' lang='lat' dir='ltr'><strong>Evitassent</strong></span> <span class='ocrx_word' id='word_1_67' title='bbox 405 1229 578 1268; x_wconf 86' lang='lat' dir='ltr'><strong>saeculum,</strong></span> 
     </span>
     <span class='ocr_line' id='line_1_23' title="bbox 148 1276 591 1315; baseline 0 -7"><span class='ocrx_word' id='word_1_68' title='bbox 148 1276 287 1315; x_wconf 70' lang='lat' dir='ltr'><strong>Quorum</strong></span> <span class='ocrx_word' id='word_1_69' title='bbox 315 1284 353 1308; x_wconf 78' lang='lat' dir='ltr'><strong>ex</strong></span> <span class='ocrx_word' id='word_1_70' title='bbox 380 1278 476 1308; x_wconf 86' lang='lat' dir='ltr'><strong>eremi</strong></span> <span class='ocrx_word' id='word_1_71' title='bbox 501 1285 591 1309; x_wconf 79' lang='lat' dir='ltr'><strong>more</strong></span> 
     </span>
     <span class='ocr_line' id='line_1_24' title="bbox 145 1323 535 1364; baseline 0.003 -9"><span class='ocrx_word' id='word_1_72' title='bbox 145 1323 242 1356; x_wconf 83' lang='lat' dir='ltr'><strong>Nullo</strong></span> <span class='ocrx_word' id='word_1_73' title='bbox 270 1326 403 1364; x_wconf 81' lang='lat' dir='ltr'><strong>excepto</strong></span> <span class='ocrx_word' id='word_1_74' title='bbox 426 1325 535 1364; x_wconf 87' lang='lat' dir='ltr'><strong>priore</strong></span> 
     </span>
     <span class='ocr_line' id='line_1_25' title="bbox 195 1371 577 1412; baseline 0 -8"><span class='ocrx_word' id='word_1_75' title='bbox 195 1372 352 1412; x_wconf 79' lang='lat' dir='ltr'><strong>Loquitur</strong></span> <span class='ocrx_word' id='word_1_76' title='bbox 377 1371 577 1410; x_wconf 82' lang='lat' dir='ltr'><strong>vocabulum,</strong></span> 
     </span>
     <span class='ocr_line' id='line_1_26' title="bbox 146 1418 592 1464; baseline 0 -13"><span class='ocrx_word' id='word_1_77' title='bbox 146 1418 296 1452; x_wconf 82' lang='lat' dir='ltr'><strong>Pontifex</strong></span> <span class='ocrx_word' id='word_1_78' title='bbox 323 1428 393 1453; x_wconf 89' lang='lat' dir='ltr'><strong>cum</strong></span> <span class='ocrx_word' id='word_1_79' title='bbox 418 1420 592 1464; x_wconf 71' lang='lat' dir='ltr'><strong>introisset,</strong></span> 
     </span>
     <span class='ocr_line' id='line_1_27' title="bbox 149 1467 640 1508; baseline 0 -8"><span class='ocrx_word' id='word_1_80' title='bbox 149 1467 362 1508; x_wconf 83' lang='lat' dir='ltr'><strong>Disciplinam</strong></span> <span class='ocrx_word' id='word_1_81' title='bbox 387 1468 470 1501; x_wconf 86' lang='lat' dir='ltr'><strong>hanc</strong></span> <span class='ocrx_word' id='word_1_82' title='bbox 496 1468 640 1508; x_wconf 87' lang='lat' dir='ltr'><strong>vidisset,</strong></span> 
     </span>
     <span class='ocr_line' id='line_1_28' title="bbox 193 1515 571 1550; baseline 0.003 -2"><span class='ocrx_word' id='word_1_83' title='bbox 193 1515 367 1548; x_wconf 80' lang='lat' dir='ltr'><strong>Benedixit</strong></span> <span class='ocrx_word' id='word_1_84' title='bbox 390 1515 571 1550; x_wconf 78' lang='lat' dir='ltr'><strong>Dominum.</strong></span> 
     </span>
     <span class='ocr_line' id='line_1_29' title="bbox 76 1563 495 1596; baseline 0 -1"><span class='ocrx_word' id='word_1_85' title='bbox 76 1563 113 1596; x_wconf 90' lang='lat' dir='ltr'><strong>V.</strong></span> <span class='ocrx_word' id='word_1_86' title='bbox 149 1563 215 1596; x_wconf 87' lang='lat' dir='ltr'><strong>Viri</strong></span> <span class='ocrx_word' id='word_1_87' title='bbox 241 1572 349 1596; x_wconf 89' lang='lat' dir='ltr'><strong>secum</strong></span> <span class='ocrx_word' id='word_1_88' title='bbox 374 1563 495 1596; x_wconf 86' lang='lat' dir='ltr'><strong>literati</strong></span> 
     </span>
     <span class='ocr_line' id='line_1_30' title="bbox 144 1611 463 1651; baseline -0.003 -8"><span class='ocrx_word' id='word_1_89' title='bbox 144 1612 174 1643; x_wconf 85' lang='lat' dir='ltr'>A</span> <span class='ocrx_word' id='word_1_90' title='bbox 198 1612 308 1651; x_wconf 82' lang='lat' dir='ltr'><strong>priore</strong></span> <span class='ocrx_word' id='word_1_91' title='bbox 332 1611 463 1645; x_wconf 80' lang='lat' dir='ltr'><strong>salutati</strong></span> 
     </span>
     <span class='ocr_line' id='line_1_31' title="bbox 193 1659 627 1700; baseline 0 -7"><span class='ocrx_word' id='word_1_92' title='bbox 193 1660 379 1700; x_wconf 84' lang='lat' dir='ltr'><strong>Sequuntur</strong></span> <span class='ocrx_word' id='word_1_93' title='bbox 403 1659 627 1699; x_wconf 82' lang='lat' dir='ltr'><strong>Theophilum.</strong></span> 
     </span>
    </p>
   </div>
   <div class='ocr_carea' id='block_1_4' title="bbox 205 1812 571 1847">
    <p class='ocr_par' dir='ltr' id='par_1_4' title="bbox 205 1812 571 1847">
     <span class='ocr_line' id='line_1_32' title="bbox 205 1812 571 1847; baseline 0 -1"><span class='ocrx_word' id='word_1_94' title='bbox 205 1814 253 1846; x_wconf 88' lang='lat' dir='ltr'><strong>In</strong></span> <span class='ocrx_word' id='word_1_95' title='bbox 279 1815 311 1845; x_wconf 80' lang='lat'><strong>2,</strong></span> <span class='ocrx_word' id='word_1_96' title='bbox 339 1812 571 1847; x_wconf 75' lang='lat' dir='ltr'><strong>Nocturno.</strong></span> 
     </span>
    </p>
   </div>
   <div class='ocr_carea' id='block_1_5' title="bbox 290 1897 488 1935">
    <p class='ocr_par' dir='ltr' id='par_1_5' title="bbox 290 1897 488 1935">
     <span class='ocr_line' id='line_1_33' title="bbox 290 1897 488 1935; baseline 0 -8"><span class='ocrx_word' id='word_1_97' title='bbox 290 1897 488 1935; x_wconf 82' lang='lat' dir='ltr'><strong>Antiphonae.</strong></span> 
     </span>
    </p>
   </div>
   <div class='ocr_carea' id='block_1_6' title="bbox 87 1967 642 2250">
    <p class='ocr_par' dir='ltr' id='par_1_6' title="bbox 87 1967 642 2105">
     <span class='ocr_line' id='line_1_34' title="bbox 87 1967 642 2002; baseline -0.002 0"><span class='ocrx_word' id='word_1_98' title='bbox 87 1969 118 2002; x_wconf 85' lang='lat'><strong>1.</strong></span> <span class='ocrx_word' id='word_1_99' title='bbox 147 1968 225 2001; x_wconf 82' lang='lat' dir='ltr'><strong>Cum</strong></span> <span class='ocrx_word' id='word_1_100' title='bbox 251 1967 346 2000; x_wconf 89' lang='lat' dir='ltr'><strong>binae</strong></span> <span class='ocrx_word' id='word_1_101' title='bbox 370 1969 526 2000; x_wconf 81' lang='lat' dir='ltr'><strong>tumulum</strong></span> <span class='ocrx_word' id='word_1_102' title='bbox 553 1967 642 2002; x_wconf 84' lang='lat' dir='ltr'><strong>ferae</strong></span> 
     </span>
     <span class='ocr_line' id='line_1_35' title="bbox 193 2015 556 2049; baseline 0 0"><span class='ocrx_word' id='word_1_103' title='bbox 193 2015 303 2049; x_wconf 83' lang='lat' dir='ltr'><strong>Sancti</strong></span> <span class='ocrx_word' id='word_1_104' title='bbox 328 2015 397 2048; x_wconf 90' lang='lat' dir='ltr'><strong>sine</strong></span> <span class='ocrx_word' id='word_1_105' title='bbox 424 2016 556 2049; x_wconf 89' lang='lat' dir='ltr'><strong>crimine</strong></span> 
     </span>
     <span class='ocr_line' id='line_1_36' title="bbox 144 2064 587 2105; baseline 0.002 -8"><span class='ocrx_word' id='word_1_106' title='bbox 144 2064 319 2104; x_wconf 82' lang='lat' dir='ltr'><strong>Foderent,</strong></span> <span class='ocrx_word' id='word_1_107' title='bbox 345 2066 435 2096; x_wconf 83' lang='lat' dir='ltr'><strong>terra</strong></span> <span class='ocrx_word' id='word_1_108' title='bbox 459 2065 587 2105; x_wconf 85' lang='lat' dir='ltr'><strong>replere</strong></span> 
     </span>
    </p>

    <p class='ocr_par' dir='ltr' id='par_1_7' title="bbox 143 2111 593 2250">
     <span class='ocr_line' id='line_1_37' title="bbox 192 2111 593 2152; baseline 0 -6"><span class='ocrx_word' id='word_1_109' title='bbox 192 2111 326 2146; x_wconf 84' lang='lat' dir='ltr'><strong>Praesul</strong></span> <span class='ocrx_word' id='word_1_110' title='bbox 353 2111 445 2152; x_wconf 81' lang='lat' dir='ltr'><strong>vidit,</strong></span> <span class='ocrx_word' id='word_1_111' title='bbox 473 2113 593 2146; x_wconf 88' lang='lat' dir='ltr'><strong>lumine</strong></span> 
     </span>
     <span class='ocr_line' id='line_1_38' title="bbox 143 2161 586 2203; baseline -0.002 -8"><span class='ocrx_word' id='word_1_112' title='bbox 143 2161 286 2203; x_wconf 83' lang='lat' dir='ltr'><strong>Angelos</strong></span> <span class='ocrx_word' id='word_1_113' title='bbox 312 2161 419 2192; x_wconf 79' lang='lat' dir='ltr'><strong>autem</strong></span> <span class='ocrx_word' id='word_1_114' title='bbox 443 2161 586 2202; x_wconf 84' lang='lat' dir='ltr'><strong>gaudere</strong></span> 
     </span>
     <span class='ocr_line' id='line_1_39' title="bbox 192 2209 582 2250; baseline 0.003 -8"><span class='ocrx_word' id='word_1_115' title='bbox 192 2209 298 2250; x_wconf 85' lang='lat' dir='ltr'><strong>Super</strong></span> <span class='ocrx_word' id='word_1_116' title='bbox 324 2216 439 2249; x_wconf 88' lang='lat' dir='ltr'><strong>corpus</strong></span> <span class='ocrx_word' id='word_1_117' title='bbox 464 2210 582 2243; x_wconf 86' lang='lat' dir='ltr'><strong>nobile.</strong></span> 
     </span>
    </p>
   </div>
   <div class='ocr_carea' id='block_1_7' title="bbox 83 2266 633 2454">
    <p class='ocr_par' dir='ltr' id='par_1_8' title="bbox 83 2266 633 2454">
     <span class='ocr_line' id='line_1_40' title="bbox 83 2266 633 2310; baseline -0.002 -9"><span class='ocrx_word' id='word_1_118' title='bbox 83 2269 115 2301; x_wconf 86' lang='lat'><strong>2.</strong></span> <span class='ocrx_word' id='word_1_119' title='bbox 142 2266 338 2301; x_wconf 82' lang='lat' dir='ltr'><strong>Adferentes</strong></span> <span class='ocrx_word' id='word_1_120' title='bbox 363 2276 480 2310; x_wconf 86' lang='lat' dir='ltr'><strong>corpus</strong></span> <span class='ocrx_word' id='word_1_121' title='bbox 504 2276 633 2300; x_wconf 79' lang='lat' dir='ltr'><strong>sacrum</strong></span> 
     </span>
     <span class='ocr_line' id='line_1_41' title="bbox 190 2314 631 2358; baseline -0.002 -9"><span class='ocrx_word' id='word_1_122' title='bbox 190 2314 342 2349; x_wconf 76' lang='lat' dir='ltr'><strong>Pontifex</strong></span> <span class='ocrx_word' id='word_1_123' title='bbox 369 2325 437 2351; x_wconf 80' lang='lat' dir='ltr'><strong>cum</strong></span> <span class='ocrx_word' id='word_1_124' title='bbox 464 2315 631 2358; x_wconf 81' lang='lat' dir='ltr'><strong>fratribus,</strong></span> 
     </span>
     <span class='ocr_line' id='line_1_42' title="bbox 138 2363 492 2399; baseline -0.003 -1"><span class='ocrx_word' id='word_1_125' title='bbox 138 2363 279 2398; x_wconf 84' lang='lat' dir='ltr'><strong>Mirifice</strong></span> <span class='ocrx_word' id='word_1_126' title='bbox 305 2366 492 2399; x_wconf 80' lang='lat' dir='ltr'><strong>decoratum</strong></span> 
     </span>
     <span class='ocr_line' id='line_1_43' title="bbox 189 2413 557 2454; baseline 0 -9"><span class='ocrx_word' id='word_1_127' title='bbox 189 2413 388 2454; x_wconf 83' lang='lat' dir='ltr'><strong>Angelorum</strong></span> <span class='ocrx_word' id='word_1_128' title='bbox 415 2413 557 2453; x_wconf 84' lang='lat' dir='ltr'><strong>vocibus,</strong></span> 
     </span>
    </p>
   </div>
   <div class='ocr_carea' id='block_1_8' title="bbox 835 207 1308 289">
    <p class='ocr_par' dir='ltr' id='par_1_9' title="bbox 835 207 1308 289">
     <span class='ocr_line' id='line_1_44' title="bbox 835 207 1269 247; baseline -0.007 -6"><span class='ocrx_word' id='word_1_129' title='bbox 835 209 888 241; x_wconf 81' lang='lat' dir='ltr'><strong>Ad</strong></span> <span class='ocrx_word' id='word_1_130' title='bbox 915 216 1052 241; x_wconf 84' lang='lat' dir='ltr'><strong>eremum</strong></span> <span class='ocrx_word' id='word_1_131' title='bbox 1078 207 1269 247; x_wconf 80' lang='lat' dir='ltr'><strong>assignatum</strong></span> 
     </span>
     <span class='ocr_line' id='line_1_45' title="bbox 884 253 1308 289; baseline -0.005 0"><span class='ocrx_word' id='word_1_132' title='bbox 884 257 1029 289; x_wconf 76' lang='lat' dir='ltr'><strong>Redeunt</strong></span> <span class='ocrx_word' id='word_1_133' title='bbox 1055 263 1124 287; x_wconf 84' lang='lat' dir='ltr'><strong>cum</strong></span> <span class='ocrx_word' id='word_1_134' title='bbox 1149 253 1308 287; x_wconf 80' lang='lat' dir='ltr'><strong>laudibus,</strong></span> 
     </span>
    </p>
   </div>
   <div class='ocr_carea' id='block_1_9' title="bbox 775 322 1282 357">
    <p class='ocr_par' dir='ltr' id='par_1_10' title="bbox 775 322 1282 357">
     <span class='ocr_line' id='line_1_46' title="bbox 775 322 1282 357; baseline -0.01 0"><span class='ocrx_word' id='word_1_135' title='bbox 775 325 805 357; x_wconf 75' lang='lat'><strong>3.</strong></span> <span class='ocrx_word' id='word_1_136' title='bbox 833 323 966 356; x_wconf 87' lang='lat' dir='ltr'><strong>Praesul</strong></span> <span class='ocrx_word' id='word_1_137' title='bbox 993 322 1089 354; x_wconf 89' lang='lat' dir='ltr'><strong>eremi</strong></span> <span class='ocrx_word' id='word_1_138' title='bbox 1116 323 1282 353; x_wconf 87' lang='lat' dir='ltr'><strong>contentus</strong></span> 
     </span>
    </p>
   </div>
   <div class='ocr_carea' id='block_1_10' title="bbox 834 369 1378 601">
    <p class='ocr_par' dir='ltr' id='par_1_11' title="bbox 834 369 1378 601">
     <span class='ocr_line' id='line_1_47' title="bbox 882 369 1192 403; baseline 0 -1"><span class='ocrx_word' id='word_1_139' title='bbox 882 370 955 403; x_wconf 85' lang='lat' dir='ltr'><strong>Suis</strong></span> <span class='ocrx_word' id='word_1_140' title='bbox 980 379 1051 402; x_wconf 84' lang='lat' dir='ltr'><strong>cum</strong></span> <span class='ocrx_word' id='word_1_141' title='bbox 1077 369 1192 402; x_wconf 77' lang='lat' dir='ltr'><strong>notitia</strong></span> 
     </span>
     <span class='ocr_line' id='line_1_48' title="bbox 834 417 1378 459; baseline -0.007 -8"><span class='ocrx_word' id='word_1_142' title='bbox 834 419 914 451; x_wconf 80' lang='lat' dir='ltr'><strong>Tam</strong></span> <span class='ocrx_word' id='word_1_143' title='bbox 939 418 1057 459; x_wconf 88' lang='lat' dir='ltr'><strong>prioris</strong></span> <span class='ocrx_word' id='word_1_144' title='bbox 1083 426 1175 458; x_wconf 85' lang='lat' dir='ltr'><strong>quam</strong></span> <span class='ocrx_word' id='word_1_145' title='bbox 1203 417 1378 448; x_wconf 86' lang='lat' dir='ltr'><strong>conventus</strong></span> 
     </span>
     <span class='ocr_line' id='line_1_49' title="bbox 884 464 1260 500; baseline -0.008 -1"><span class='ocrx_word' id='word_1_146' title='bbox 884 466 1024 500; x_wconf 83' lang='lat' dir='ltr'><strong>Claustri</strong></span> <span class='ocrx_word' id='word_1_147' title='bbox 1048 465 1106 497; x_wconf 77' lang='lat' dir='ltr'><strong>sul&gt;</strong></span> <span class='ocrx_word' id='word_1_148' title='bbox 1132 464 1260 497; x_wconf 87' lang='lat' dir='ltr'><strong>silentia</strong></span> 
     </span>
     <span class='ocr_line' id='line_1_50' title="bbox 834 513 1260 552; baseline -0.005 -6"><span class='ocrx_word' id='word_1_149' title='bbox 834 514 999 546; x_wconf 80' lang='lat' dir='ltr'><strong>Thesauro</strong></span> <span class='ocrx_word' id='word_1_150' title='bbox 1025 522 1094 545; x_wconf 83' lang='lat' dir='ltr'><strong>cnm</strong></span> <span class='ocrx_word' id='word_1_151' title='bbox 1119 513 1260 552; x_wconf 83' lang='lat' dir='ltr'><strong>pretioso</strong></span> 
     </span>
     <span class='ocr_line' id='line_1_51' title="bbox 881 561 1233 601; baseline 0.003 -8"><span class='ocrx_word' id='word_1_152' title='bbox 881 561 1051 594; x_wconf 81' lang='lat' dir='ltr'><strong>Festinant</strong></span> <span class='ocrx_word' id='word_1_153' title='bbox 1075 570 1095 594; x_wconf 81' lang='lat' dir='ltr'><strong>a</strong></span> <span class='ocrx_word' id='word_1_154' title='bbox 1118 561 1233 601; x_wconf 81' lang='lat' dir='ltr'><strong>patria.</strong></span> 
     </span>
    </p>
   </div>
   <div class='ocr_carea' id='block_1_11' title="bbox 972 665 1181 701">
    <p class='ocr_par' dir='ltr' id='par_1_12' title="bbox 972 665 1181 701">
     <span class='ocr_line' id='line_1_52' title="bbox 972 665 1181 701; baseline -0.005 -8"><span class='ocrx_word' id='word_1_155' title='bbox 972 665 1181 701; x_wconf 81' lang='lat' dir='ltr'><strong>Responsoria.</strong></span> 
     </span>
    </p>
   </div>
   <div class='ocr_carea' id='block_1_12' title="bbox 802 722 1305 765">
    <p class='ocr_par' dir='ltr' id='par_1_13' title="bbox 802 722 1305 765">
     <span class='ocr_line' id='line_1_53' title="bbox 802 722 1305 765; baseline -0.006 -7"><span class='ocrx_word' id='word_1_156' title='bbox 802 751 808 758; x_wconf 95' lang='lat'>.</span> <span class='ocrx_word' id='word_1_157' title='bbox 836 725 860 758; x_wconf 94' lang='lat' dir='ltr'>O</span> <span class='ocrx_word' id='word_1_158' title='bbox 888 724 1079 757; x_wconf 83' lang='lat' dir='ltr'><strong>Christicola</strong></span> <span class='ocrx_word' id='word_1_159' title='bbox 1102 722 1305 765; x_wconf 78' lang='lat' dir='ltr'><strong>venerabilis,</strong></span> 
     </span>
    </p>
   </div>
   <div class='ocr_carea' id='block_1_13' title="bbox 834 771 1305 1099">
    <p class='ocr_par' dir='ltr' id='par_1_14' title="bbox 834 771 1245 909">
     <span class='ocr_line' id='line_1_54' title="bbox 834 771 1245 812; baseline -0.005 -8"><span class='ocrx_word' id='word_1_160' title='bbox 834 773 965 812; x_wconf 72' lang='lat' dir='ltr'><strong>Antoni,</strong></span> <span class='ocrx_word' id='word_1_161' title='bbox 989 772 1091 811; x_wconf 84' lang='lat' dir='ltr'><strong>stirpe</strong></span> <span class='ocrx_word' id='word_1_162' title='bbox 1116 771 1245 811; x_wconf 66' lang='lat' dir='ltr'><strong>nobilis1</strong></span> 
     </span>
     <span class='ocr_line' id='line_1_55' title="bbox 838 817 1195 860; baseline 0 -9"><span class='ocrx_word' id='word_1_163' title='bbox 838 817 997 860; x_wconf 69' lang='lat' dir='ltr'><strong>Quantam</strong></span> <span class='ocrx_word' id='word_1_164' title='bbox 1023 819 1083 851; x_wconf 88' lang='lat' dir='ltr'><strong>tibi</strong></span> <span class='ocrx_word' id='word_1_165' title='bbox 1108 819 1195 851; x_wconf 78' lang='lat' dir='ltr'><strong>Deus</strong></span> 
     </span>
     <span class='ocr_line' id='line_1_56' title="bbox 839 867 1155 909; baseline -0.013 -7"><span class='ocrx_word' id='word_1_166' title='bbox 839 867 981 902; x_wconf 80' lang='lat' dir='ltr'><strong>Contulit</strong></span> <span class='ocrx_word' id='word_1_167' title='bbox 1009 868 1155 909; x_wconf 83' lang='lat' dir='ltr'><strong>gratiam,</strong></span> 
     </span>
    </p>

    <p class='ocr_par' dir='ltr' id='par_1_15' title="bbox 836 915 1305 1050">
     <span class='ocr_line' id='line_1_57' title="bbox 836 915 1305 954; baseline -0.004 -7"><span class='ocrx_word' id='word_1_168' title='bbox 836 915 918 948; x_wconf 88' lang='lat' dir='ltr'><strong>Nam</strong></span> <span class='ocrx_word' id='word_1_169' title='bbox 943 915 987 947; x_wconf 86' lang='lat' dir='ltr'><strong>ad</strong></span> <span class='ocrx_word' id='word_1_170' title='bbox 1010 915 1145 947; x_wconf 89' lang='lat' dir='ltr'><strong>nominis</strong></span> <span class='ocrx_word' id='word_1_171' title='bbox 1170 915 1305 954; x_wconf 51' lang='lat' dir='ltr'><strong>gloriam</strong></span> 
     </span>
     <span class='ocr_line' id='line_1_58' title="bbox 836 963 1287 996; baseline -0.007 0"><span class='ocrx_word' id='word_1_172' title='bbox 836 963 968 996; x_wconf 82' lang='lat' dir='ltr'><strong>Sacrum</strong></span> <span class='ocrx_word' id='word_1_173' title='bbox 995 965 1027 994; x_wconf 85' lang='lat' dir='ltr'><strong>et</strong></span> <span class='ocrx_word' id='word_1_174' title='bbox 1049 963 1287 995; x_wconf 81' lang='lat' dir='ltr'><strong>immaculatum</strong></span> 
     </span>
     <span class='ocr_line' id='line_1_59' title="bbox 837 1011 1073 1050; baseline -0.008 -6"><span class='ocrx_word' id='word_1_175' title='bbox 837 1011 959 1050; x_wconf 86' lang='lat' dir='ltr'><strong>Corpus</strong></span> <span class='ocrx_word' id='word_1_176' title='bbox 985 1013 1073 1042; x_wconf 88' lang='lat' dir='ltr'><strong>tuum</strong></span> 
     </span>
    </p>

    <p class='ocr_par' dir='ltr' id='par_1_16' title="bbox 836 1057 1201 1099">
     <span class='ocr_line' id='line_1_60' title="bbox 836 1057 1201 1099; baseline -0.003 -9"><span class='ocrx_word' id='word_1_177' title='bbox 836 1057 998 1099; x_wconf 81' lang='lat' dir='ltr'><strong>Episcopo</strong></span> <span class='ocrx_word' id='word_1_178' title='bbox 1024 1057 1201 1097; x_wconf 83' lang='lat' dir='ltr'><strong>Theophilo</strong></span> 
     </span>
    </p>
   </div>
   <div class='ocr_carea' id='block_1_14' title="bbox 827 1103 1260 1146">
    <p class='ocr_par' dir='ltr' id='par_1_17' title="bbox 827 1103 1260 1146">
     <span class='ocr_line' id='line_1_61' title="bbox 827 1103 1260 1146; baseline -0.005 -8"><span class='ocrx_word' id='word_1_179' title='bbox 827 1105 942 1146; x_wconf 59' lang='lat' dir='ltr'><strong>‘Signis</strong></span> <span class='ocrx_word' id='word_1_180' title='bbox 970 1114 1039 1137; x_wconf 86' lang='lat' dir='ltr'><strong>cum</strong></span> <span class='ocrx_word' id='word_1_181' title='bbox 1064 1103 1260 1146; x_wconf 82' lang='lat' dir='ltr'><strong>fulgentibus</strong></span> 
     </span>
    </p>
   </div>
   <div class='ocr_carea' id='block_1_15' title="bbox 835 1152 1254 1241">
    <p class='ocr_par' dir='ltr' id='par_1_18' title="bbox 835 1152 1254 1241">
     <span class='ocr_line' id='line_1_62' title="bbox 835 1152 1080 1185; baseline -0.004 0"><span class='ocrx_word' id='word_1_182' title='bbox 835 1152 1002 1185; x_wconf 84' lang='lat' dir='ltr'><strong>Hodierna</strong></span> <span class='ocrx_word' id='word_1_183' title='bbox 1029 1152 1080 1185; x_wconf 85' lang='lat' dir='ltr'><strong>die</strong></span> 
     </span>
     <span class='ocr_line' id='line_1_63' title="bbox 836 1200 1254 1241; baseline 0 -9"><span class='ocrx_word' id='word_1_184' title='bbox 836 1201 987 1241; x_wconf 82' lang='lat' dir='ltr'><strong>Largitus</strong></span> <span class='ocrx_word' id='word_1_185' title='bbox 1012 1203 1062 1232; x_wconf 88' lang='lat' dir='ltr'><strong>est</strong></span> <span class='ocrx_word' id='word_1_186' title='bbox 1084 1200 1254 1233; x_wconf 82' lang='lat' dir='ltr'><strong>invenisse.</strong></span> 
     </span>
    </p>
   </div>
   <div class='ocr_carea' id='block_1_16' title="bbox 765 1248 1395 1291">
    <p class='ocr_par' dir='ltr' id='par_1_19' title="bbox 765 1248 1395 1291">
     <span class='ocr_line' id='line_1_64' title="bbox 765 1248 1395 1291; baseline 0.003 -12"><span class='ocrx_word' id='word_1_187' title='bbox 765 1248 802 1281; x_wconf 85' lang='lat' dir='ltr'><strong>V.</strong></span> <span class='ocrx_word' id='word_1_188' title='bbox 833 1248 920 1282; x_wconf 86' lang='lat' dir='ltr'><strong>Ecce</strong></span> <span class='ocrx_word' id='word_1_189' title='bbox 944 1249 1044 1291; x_wconf 79' lang='lat' dir='ltr'><strong>signa,</strong></span> <span class='ocrx_word' id='word_1_190' title='bbox 1072 1256 1153 1288; x_wconf 84' lang='lat' dir='ltr'><strong>quae</strong></span> <span class='ocrx_word' id='word_1_191' title='bbox 1176 1251 1395 1281; x_wconf 82' lang='lat' dir='ltr'><strong>monstrantur</strong></span> 
     </span>
    </p>
   </div>
   <div class='ocr_carea' id='block_1_17' title="bbox 835 1285 1279 1527">
    <p class='ocr_par' dir='ltr' id='par_1_20' title="bbox 835 1285 1279 1527">
     <span class='ocr_line' id='line_1_65' title="bbox 847 1285 1232 1329; baseline -0.003 -1"><span class='ocrx_word' id='word_1_192' title='bbox 847 1285 868 1308; x_wconf 68' lang='lat'>‘</span> <span class='ocrx_word' id='word_1_193' title='bbox 885 1297 915 1328; x_wconf 75' lang='lat' dir='ltr'>A</span> <span class='ocrx_word' id='word_1_194' title='bbox 940 1296 1088 1329; x_wconf 84' lang='lat' dir='ltr'><strong>thesauro</strong></span> <span class='ocrx_word' id='word_1_195' title='bbox 1114 1296 1232 1329; x_wconf 85' lang='lat' dir='ltr'><strong>nobili:</strong></span> 
     </span>
     <span class='ocr_line' id='line_1_66' title="bbox 835 1344 1215 1377; baseline -0.003 0"><span class='ocrx_word' id='word_1_196' title='bbox 835 1344 957 1377; x_wconf 80' lang='lat' dir='ltr'><strong>Mortui</strong></span> <span class='ocrx_word' id='word_1_197' title='bbox 981 1344 1215 1376; x_wconf 76' lang='lat' dir='ltr'><strong>resuscitantur</strong></span> 
     </span>
     <span class='ocr_line' id='line_1_67' title="bbox 881 1391 1211 1432; baseline -0.003 -8"><span class='ocrx_word' id='word_1_198' title='bbox 881 1393 911 1424; x_wconf 88' lang='lat' dir='ltr'>A</span> <span class='ocrx_word' id='word_1_199' title='bbox 936 1394 1039 1424; x_wconf 82' lang='lat' dir='ltr'><strong>morte</strong></span> <span class='ocrx_word' id='word_1_200' title='bbox 1063 1391 1211 1432; x_wconf 87' lang='lat' dir='ltr'><strong>terribili,</strong></span> 
     </span>
     <span class='ocr_line' id='line_1_68' title="bbox 835 1439 1279 1480; baseline 0 -8"><span class='ocrx_word' id='word_1_201' title='bbox 835 1440 881 1472; x_wconf 79' lang='lat' dir='ltr'><strong>Et</strong></span> <span class='ocrx_word' id='word_1_202' title='bbox 906 1440 1076 1472; x_wconf 82' lang='lat' dir='ltr'><strong>daemones</strong></span> <span class='ocrx_word' id='word_1_203' title='bbox 1102 1439 1279 1480; x_wconf 82' lang='lat' dir='ltr'><strong>effugantur</strong></span> 
     </span>
     <span class='ocr_line' id='line_1_69' title="bbox 883 1488 1242 1527; baseline 0.003 -7"><span class='ocrx_word' id='word_1_204' title='bbox 883 1488 937 1520; x_wconf 87' lang='lat' dir='ltr'><strong>Ad</strong></span> <span class='ocrx_word' id='word_1_205' title='bbox 960 1488 1094 1519; x_wconf 84' lang='lat' dir='ltr'><strong>salutem</strong></span> <span class='ocrx_word' id='word_1_206' title='bbox 1120 1488 1242 1527; x_wconf 89' lang='lat' dir='ltr'><strong>populi.</strong></span> 
     </span>
    </p>
   </div>
   <div class='ocr_carea' id='block_1_18' title="bbox 803 1564 1317 1605">
    <p class='ocr_par' dir='ltr' id='par_1_21' title="bbox 803 1564 1317 1605">
     <span class='ocr_line' id='line_1_70' title="bbox 803 1564 1317 1605; baseline 0 -8"><span class='ocrx_word' id='word_1_207' title='bbox 803 1593 809 1600; x_wconf 84' lang='lat'><strong><em>.</em></strong></span> <span class='ocrx_word' id='word_1_208' title='bbox 837 1565 874 1597; x_wconf 90' lang='lat' dir='ltr'><strong>In</strong></span> <span class='ocrx_word' id='word_1_209' title='bbox 899 1564 1041 1604; x_wconf 69' lang='lat' dir='ltr'><strong>Aegypti</strong></span> <span class='ocrx_word' id='word_1_210' title='bbox 1066 1564 1194 1604; x_wconf 89' lang='lat' dir='ltr'><strong>praesul</strong></span> <span class='ocrx_word' id='word_1_211' title='bbox 1220 1574 1317 1605; x_wconf 84' lang='lat' dir='ltr'><strong>regno</strong></span> 
     </span>
    </p>
   </div>
   <div class='ocr_carea' id='block_1_19' title="bbox 835 1612 1389 2038">
    <p class='ocr_par' dir='ltr' id='par_1_22' title="bbox 835 1612 1389 2038">
     <span class='ocr_line' id='line_1_71' title="bbox 883 1612 1216 1652; baseline 0.003 -9"><span class='ocrx_word' id='word_1_212' title='bbox 883 1612 1055 1644; x_wconf 83' lang='lat' dir='ltr'><strong>Beatorum</strong></span> <span class='ocrx_word' id='word_1_213' title='bbox 1080 1620 1216 1652; x_wconf 82' lang='lat' dir='ltr'><strong>corpore</strong></span> 
     </span>
     <span class='ocr_line' id='line_1_72' title="bbox 835 1660 1344 1702; baseline 0.002 -10"><span class='ocrx_word' id='word_1_214' title='bbox 835 1660 966 1700; x_wconf 75' lang='lat' dir='ltr'><strong>Signum</strong></span> <span class='ocrx_word' id='word_1_215' title='bbox 993 1660 1071 1692; x_wconf 84' lang='lat' dir='ltr'><strong>dans</strong></span> <span class='ocrx_word' id='word_1_216' title='bbox 1096 1669 1186 1693; x_wconf 88' lang='lat' dir='ltr'><strong>more</strong></span> <span class='ocrx_word' id='word_1_217' title='bbox 1208 1664 1344 1702; x_wconf 80' lang='lat' dir='ltr'><strong>paterno</strong></span> 
     </span>
     <span class='ocr_line' id='line_1_73' title="bbox 883 1707 1226 1748; baseline 0 -7"><span class='ocrx_word' id='word_1_218' title='bbox 883 1707 1011 1748; x_wconf 84' lang='lat' dir='ltr'><strong>Campis</strong></span> <span class='ocrx_word' id='word_1_219' title='bbox 1036 1709 1089 1741; x_wconf 83' lang='lat' dir='ltr'><strong>vel</strong></span> <span class='ocrx_word' id='word_1_220' title='bbox 1110 1709 1226 1741; x_wconf 87' lang='lat' dir='ltr'><strong>itinere</strong></span> 
     </span>
     <span class='ocr_line' id='line_1_74' title="bbox 835 1756 1255 1789; baseline 0 0"><span class='ocrx_word' id='word_1_221' title='bbox 835 1756 934 1789; x_wconf 79' lang='lat' dir='ltr'><strong>Sedet</strong></span> <span class='ocrx_word' id='word_1_222' title='bbox 958 1765 978 1788; x_wconf 82' lang='lat' dir='ltr'><strong>a</strong></span> <span class='ocrx_word' id='word_1_223' title='bbox 1003 1759 1107 1788; x_wconf 84' lang='lat' dir='ltr'><strong>castro</strong></span> <span class='ocrx_word' id='word_1_224' title='bbox 1132 1760 1255 1789; x_wconf 87' lang='lat' dir='ltr'><strong>remote</strong></span> 
     </span>
     <span class='ocr_line' id='line_1_75' title="bbox 884 1804 1357 1846; baseline 0.002 -9"><span class='ocrx_word' id='word_1_225' title='bbox 884 1804 1060 1846; x_wconf 73' lang='lat' dir='ltr'><strong>Quondam,</strong></span> <span class='ocrx_word' id='word_1_226' title='bbox 1086 1813 1106 1837; x_wconf 87' lang='lat' dir='ltr'><strong>a</strong></span> <span class='ocrx_word' id='word_1_227' title='bbox 1135 1814 1196 1845; x_wconf 88' lang='lat' dir='ltr'><strong>quo</strong></span> <span class='ocrx_word' id='word_1_228' title='bbox 1221 1806 1357 1846; x_wconf 86' lang='lat' dir='ltr'><strong>populus</strong></span> 
     </span>
     <span class='ocr_line' id='line_1_76' title="bbox 835 1852 1275 1886; baseline 0.002 -1"><span class='ocrx_word' id='word_1_229' title='bbox 835 1852 1034 1885; x_wconf 82' lang='lat' dir='ltr'><strong>Daemonum</strong></span> <span class='ocrx_word' id='word_1_230' title='bbox 1059 1853 1171 1885; x_wconf 77' lang='lat' dir='ltr'><strong>audita</strong></span> <span class='ocrx_word' id='word_1_231' title='bbox 1196 1862 1275 1886; x_wconf 86' lang='lat' dir='ltr'><strong>voce</strong></span> 
     </span>
     <span class='ocr_line' id='line_1_77' title="bbox 883 1901 1389 1941; baseline 0.002 -7"><span class='ocrx_word' id='word_1_232' title='bbox 883 1901 963 1934; x_wconf 80' lang='lat' dir='ltr'><strong>Tam</strong></span> <span class='ocrx_word' id='word_1_233' title='bbox 989 1910 1100 1933; x_wconf 87' lang='lat' dir='ltr'><strong>servus</strong></span> <span class='ocrx_word' id='word_1_234' title='bbox 1127 1909 1221 1941; x_wconf 81' lang='lat' dir='ltr'><strong>quam</strong></span> <span class='ocrx_word' id='word_1_235' title='bbox 1248 1903 1389 1935; x_wconf 61' lang='lat' dir='ltr'><strong>(lominur</strong></span> 
     </span>
     <span class='ocr_line' id='line_1_78' title="bbox 835 1949 1249 1989; baseline 0.002 -8"><span class='ocrx_word' id='word_1_236' title='bbox 835 1949 964 1982; x_wconf 80' lang='lat' dir='ltr'><strong>Excunt</strong></span> <span class='ocrx_word' id='word_1_237' title='bbox 988 1958 1078 1981; x_wconf 83' lang='lat' dir='ltr'><strong>arma</strong></span> <span class='ocrx_word' id='word_1_238' title='bbox 1102 1951 1249 1989; x_wconf 73' lang='lat' dir='ltr'><strong>gerentes</strong></span> 
     </span>
     <span class='ocr_line' id='line_1_79' title="bbox 883 1997 1302 2038; baseline 0 -8"><span class='ocrx_word' id='word_1_239' title='bbox 883 1997 937 2030; x_wconf 75' lang='lat' dir='ltr'><strong>Ad</strong></span> <span class='ocrx_word' id='word_1_240' title='bbox 966 2000 1122 2029; x_wconf 86' lang='lat' dir='ltr'><strong>terrorem</strong></span> <span class='ocrx_word' id='word_1_241' title='bbox 1147 1997 1302 2038; x_wconf 68' lang='lat' dir='ltr'><strong>hostium:</strong></span> 
     </span>
    </p>
   </div>
   <div class='ocr_carea' id='block_1_20' title="bbox 795 2045 1239 2078">
    <p class='ocr_par' dir='ltr' id='par_1_23' title="bbox 795 2045 1239 2078">
     <span class='ocr_line' id='line_1_80' title="bbox 795 2045 1239 2078; baseline -0.002 0"><span class='ocrx_word' id='word_1_242' title='bbox 795 2070 802 2078; x_wconf 94' lang='lat'>.</span> <span class='ocrx_word' id='word_1_243' title='bbox 834 2045 951 2078; x_wconf 89' lang='lat' dir='ltr'><strong>Daniel</strong></span> <span class='ocrx_word' id='word_1_244' title='bbox 974 2046 1058 2077; x_wconf 87' lang='lat' dir='ltr'><strong>male</strong></span> <span class='ocrx_word' id='word_1_245' title='bbox 1083 2048 1239 2078; x_wconf 84' lang='lat' dir='ltr'><strong>tractatus</strong></span> 
     </span>
    </p>
   </div>
   <div class='ocr_carea' id='block_1_21' title="bbox 834 2093 1330 2223">
    <p class='ocr_par' dir='ltr' id='par_1_24' title="bbox 834 2093 1330 2223">
     <span class='ocr_line' id='line_1_81' title="bbox 883 2093 1284 2138; baseline 0.002 -12"><span class='ocrx_word' id='word_1_246' title='bbox 883 2093 1037 2126; x_wconf 82' lang='lat' dir='ltr'><strong>Fremens</strong></span> <span class='ocrx_word' id='word_1_247' title='bbox 1062 2102 1082 2125; x_wconf 81' lang='lat' dir='ltr'><strong>a</strong></span> <span class='ocrx_word' id='word_1_248' title='bbox 1107 2094 1284 2138; x_wconf 76' lang='lat' dir='ltr'><strong>daemonic,</strong></span> 
     </span>
     <span class='ocr_line' id='line_1_82' title="bbox 834 2141 1330 2182; baseline 0.002 -8"><span class='ocrx_word' id='word_1_249' title='bbox 834 2141 984 2174; x_wconf 86' lang='lat' dir='ltr'><strong>Sanctum</strong></span> <span class='ocrx_word' id='word_1_250' title='bbox 1010 2141 1173 2182; x_wconf 90' lang='lat' dir='ltr'><strong>invocans,</strong></span> <span class='ocrx_word' id='word_1_251' title='bbox 1202 2145 1330 2175; x_wconf 84' lang='lat' dir='ltr'><strong>curatus</strong></span> 
     </span>
     <span class='ocr_line' id='line_1_83' title="bbox 885 2189 1265 2223; baseline 0 0"><span class='ocrx_word' id='word_1_252' title='bbox 885 2189 991 2223; x_wconf 79' lang='lat' dir='ltr'><strong>Plebis</strong></span> <span class='ocrx_word' id='word_1_253' title='bbox 1018 2192 1067 2221; x_wconf 90' lang='lat' dir='ltr'><strong>est</strong></span> <span class='ocrx_word' id='word_1_254' title='bbox 1090 2190 1124 2221; x_wconf 88' lang='lat' dir='ltr'><strong>in</strong></span> <span class='ocrx_word' id='word_1_255' title='bbox 1147 2189 1265 2223; x_wconf 83' lang='lat' dir='ltr'><strong>medio.</strong></span> 
     </span>
    </p>
   </div>
   <div class='ocr_carea' id='block_1_22' title="bbox 801 2266 1283 2302">
    <p class='ocr_par' dir='ltr' id='par_1_25' title="bbox 801 2266 1283 2302">
     <span class='ocr_line' id='line_1_84' title="bbox 801 2266 1283 2302; baseline 0.004 -2"><span class='ocrx_word' id='word_1_256' title='bbox 801 2292 808 2300; x_wconf 84' lang='lat'><strong><em>.</em></strong></span> <span class='ocrx_word' id='word_1_257' title='bbox 835 2266 918 2300; x_wconf 74' lang='lat' dir='ltr'><strong>inde</strong></span> <span class='ocrx_word' id='word_1_258' title='bbox 942 2267 1040 2299; x_wconf 84' lang='lat' dir='ltr'><strong>castri</strong></span> <span class='ocrx_word' id='word_1_259' title='bbox 1066 2275 1173 2299; x_wconf 84' lang='lat' dir='ltr'><strong>coram</strong></span> <span class='ocrx_word' id='word_1_260' title='bbox 1196 2267 1283 2302; x_wconf 87' lang='lat' dir='ltr'><strong>clero</strong></span> 
     </span>
    </p>
   </div>
   <div class='ocr_carea' id='block_1_23' title="bbox 835 2313 1285 2455">
    <p class='ocr_par' dir='ltr' id='par_1_26' title="bbox 835 2313 1285 2455">
     <span class='ocr_line' id='line_1_85' title="bbox 881 2313 1175 2356; baseline 0.003 -10"><span class='ocrx_word' id='word_1_261' title='bbox 881 2313 1018 2347; x_wconf 78' lang='lat' dir='ltr'><strong>Nuntiat</strong></span> <span class='ocrx_word' id='word_1_262' title='bbox 1043 2313 1175 2356; x_wconf 79' lang='lat' dir='ltr'><strong>familia,</strong></span> 
     </span>
     <span class='ocr_line' id='line_1_86' title="bbox 835 2362 1285 2404; baseline 0.007 -9"><span class='ocrx_word' id='word_1_263' title='bbox 835 2362 919 2403; x_wconf 84' lang='lat' dir='ltr'><strong>Lupi</strong></span> <span class='ocrx_word' id='word_1_264' title='bbox 944 2366 1099 2403; x_wconf 83' lang='lat' dir='ltr'><strong>quatenus</strong></span> <span class='ocrx_word' id='word_1_265' title='bbox 1124 2373 1182 2404; x_wconf 78' lang='lat' dir='ltr'><strong>pro</strong></span> <span class='ocrx_word' id='word_1_266' title='bbox 1208 2374 1285 2399; x_wconf 82' lang='lat' dir='ltr'><strong>vero</strong></span> 
     </span>
     <span class='ocr_line' id='line_1_87' title="bbox 882 2410 1181 2455; baseline 0.007 -12"><span class='ocrx_word' id='word_1_267' title='bbox 882 2410 997 2452; x_wconf 78' lang='lat' dir='ltr'><strong>Nuper</strong></span> <span class='ocrx_word' id='word_1_268' title='bbox 1020 2412 1181 2455; x_wconf 83' lang='lat' dir='ltr'><strong>animalia,</strong></span> 
     </span>
    </p>
   </div>
  </div>
 </body>
</html>
