1653 2567
698 98 933 134 „81-

344 191 391 219 Ad
410 192 596 222 Benedictus.

155 250 193 282 A.
225 250 418 282 Benedictus
443 250 610 295 Dominus,

226 297 287 338 Qui
310 297 344 329 in
373 298 465 330 domo
490 298 628 333 Davidis

274 346 382 378 Cornu
406 347 521 388 erexit,

226 393 315 432 Quod
340 394 374 425 in
400 394 534 427 salutem
559 395 720 435 languidis

222 440 267 473 Et
290 441 321 472 in
349 442 497 474 virtutem
523 442 651 482 pavidis

271 488 436 521 Ecclesiae
463 490 590 530 direxit,

224 535 301 568 Cum
325 536 410 569 hanc
434 546 509 570 vere
532 538 684 570 humilem

218 583 464 617 Misericordiae

269 631 377 665 Oculis
402 635 546 672 respexit

220 680 271 711 Ac
297 688 366 712 curn
391 681 474 713 stola
499 682 620 721 gloriae

225 727 395 767 Palmaque
420 729 574 761 victoriae

266 775 374 808 Hodie
400 777 495 809 caelis
519 777 650 811 invexit.

338 890 419 922 Per
442 891 593 926 Horas

360 966 406 994 Ad
428 968 566 995 Primam.

146 1022 186 1056 A.
220 1023 310 1055 Haec
336 1032 390 1056 cor
415 1034 504 1058 suum
533 1027 683 1060 dilatavit

217 1070 263 1103 Et
286 1071 463 1104 ambulavit

214 1118 253 1151 In
277 1119 349 1159 lege
373 1120 444 1161 Dei⁷

218 1166 295 1199 Ideo
320 1168 468 1200 ascendit
491 1169 649 1210 dealbata,

216 1213 295 1246 Acsi
320 1215 465 1248 columba

215 1260 312 1293 Esset
334 1261 546 1296 immaculata.

353 1357 400 1385 Aci
419 1358 559 1387 Tertiam.

176 1439 182 1446 .
214 1414 339 1447 Multae
363 1415 450 1449 filiae

262 1469 537 1505 congregaverunt

215 1509 353 1543 Divitias
378 1514 411 1543 et
436 1514 568 1546 delicias

264 1564 500 1601 congesserunt,

215 1605 265 1638 Tu
290 1615 365 1639 vcro
390 1609 556 1642 universas

260 1654 319 1686 has
346 1663 378 1686 es
404 1664 623 1698 supergressa,

208 1702 287 1734 Cum
313 1703 410 1736 hodie
434 1706 520 1745 regis

262 1750 442 1784 cubiculum
467 1761 501 1784 es
525 1753 680 1795 ingressa.

359 1847 405 1875 Ad
425 1848 555 1877 Sextam.

141 1906 181 1939 A,
212 1905 316 1946 Super
341 1907 417 1939 solis

260 1953 339 1986 haec
364 1954 472 1987 radios
497 1958 666 1990 candidior

210 2001 254 2033 Et
278 2010 376 2042 super
400 2005 567 2039 stellarum

262 2050 408 2083 ordinem
433 2052 582 2092 lucidior,

210 2097 368 2138 Fugatrix
395 2100 609 2133 tenebrarum.

354 2195 400 2225 Ad
422 2195 546 2225 Nonam.

135 2252 174 2288 A.
207 2253 256 2285 De
281 2254 392 2291 labore
416 2264 564 2291 manuum

257 2301 335 2338 felix
362 2305 425 2337 ista
451 2305 657 2339 manducavit

207 2349 251 2382 Et
279 2354 319 2387 de
344 2362 402 2387 sua.
426 2355 563 2392 penuria.

255 2410 415 2443 pauperes
441 2402 567 2443 ditavit,

191 2462 306 2490 Blume,
321 2462 444 2486 Historiae
458 2462 617 2490 rhythmicae.
646 2461 675 2486 V.

915 195 994 228 Ideo
1020 205 1090 228 cum
1116 197 1237 237 angelis

961 252 1093 284 regnum
1117 244 1322 278 hereditavit.

981 367 1026 399 In
1054 368 1083 400 1.
1114 368 1333 408 Vesperis.

1057 442 1253 479 Antiphontis.

852 497 882 530 1.
909 498 1013 531 Adest
1041 500 1109 532 dics
1135 510 1237 534 novae
1262 502 1353 542 lucis,

960 546 1025 585 Quo
1052 549 1165 581 Annae
1189 551 1410 583 sanctissimae

909 592 1064 634 Spiritum
1093 596 1189 629 caelis
1214 597 1404 638 introducis,

956 641 1098 676 Aeterne
1122 653 1179 676 rex
1206 645 1372 680 altissime.

852 705 858 713 ·
876 723 883 730 .
910 699 1045 732 Aeterni
1069 702 1154 741 regis
1171 702 1276 735 aviam

909 745 1020 780 Cuncti
1048 758 1235 782 veneremur
1262 750 1359 791 piam,

907 793 994 833 Quae
1018 797 1110 829 uobis
1135 798 1314 837 speciosam

909 841 1057 876 Paradisi
1083 853 1189 877 rosam

909 889 1027 923 Gemuit
1049 892 1199 927 Mariam.

874 971 880 977 .
907 947 1057 981 Mulieris
1082 950 1175 982 huius
1201 948 1424 983 fortitudinem

957 997 1027 1036 quis
1051 997 1269 1039 investigavit,

910 1041 996 1081 Quae
1021 1043 1157 1077 furentis
1183 1044 1368 1078 Holofernis

957 1095 1052 1130 caput
1080 1093 1283 1126 detruncavit

904 1136 950 1169 Et
974 1139 1078 1179 gentis
1104 1149 1181 1172 suae
1204 1140 1357 1181 populum

952 1186 992 1217 ab
1019 1187 1111 1218 hoste
1134 1187 1295 1220 liberavit.

869 1266 876 1274 .
902 1241 1034 1275 Manum
1060 1253 1149 1276 suam
1174 1245 1370 1285 pauperibus

953 1292 1082 1331 sapiens
1107 1293 1264 1334 porrexit,

905 1337 1000 1371 Cuius
1026 1339 1066 1372 ah
1093 1340 1159 1372 alto
1185 1350 1318 1373 munera

949 1387 1124 1420 altissimus
1151 1390 1303 1429 respexit,

903 1433 997 1466 Nunc
1022 1443 1098 1467 vere
1123 1435 1204 1468 bene
1228 1437 1374 1468 meritam

950 1483 991 1515 ad
1018 1484 1154 1523 gloriam
1178 1485 1339 1524 provexit.

1022 1578 1068 1605 Ad
1087 1578 1226 1615 Magnific
1230 1581 1270 1606 at.

864 1662 871 1668 .
902 1637 927 1670 Ο
954 1636 1041 1668 oliva
1065 1638 1164 1669 corde
1186 1637 1284 1678 mitis,

902 1685 926 1717 O
950 1682 1114 1718 odorifera
1139 1686 1225 1726 vitis,

902 1733 927 1765 Ο
955 1733 1030 1764 ditis

903 1780 990 1812 Fons
1016 1784 1048 1812 et
1073 1781 1211 1813 cisterna
1238 1782 1312 1814 viva

902 1828 1115 1867 Bethlemitis,

902 1877 1078 1917 Exstingue
1102 1878 1136 1908 in
1161 1877 1253 1910 nobis

902 1923 1062 1957 Pestifera

900 1973 1009 2006 Malae
1033 1973 1113 2007 sitis,

903 2021 927 2053 Ο
955 2021 1035 2053 caeli
1060 2029 1185 2059 manna,
1212 2021 1308 2053 Anna

901 2067 1083 2102 Fructifera

902 2117 946 2149 Et
969 2117 1116 2159 insignis,
1145 2125 1226 2157 quae
1252 2117 1355 2157 gignis

904 2165 1086 2197 Visceribus
1110 2164 1215 2207 dignis

901 2213 1055 2246 Fructum
1067 2210 1293 2253 'benedictum

902 2261 994 2293 Omni
1021 2261 1103 2293 bono
1129 2261 1302 2300 meliorem,

901 2309 1018 2341 Natam
1044 2309 1139 2350 piam,

904 2357 997 2389 Omni
1021 2366 1095 2390 rosa
1119 2358 1375 2398 rosulentiorem,

902 2406 1114 2439 Praedulcem
1141 2407 1287 2441 Mariam.

1269 2463 1287 2492 <5
