1653 2567
232 199 337 231 Intrat
361 197 567 230 tabernacula

283 246 401 278 Tecum
426 249 489 289 tua,
519 244 652 278 Christe.

183 324 214 355 2.
241 323 436 355 Praeventus
461 330 481 352 a
503 320 606 362 gratia

285 368 521 401 Benedictionis

237 417 390 448 Laetatur
413 417 447 448 in
472 416 573 455 gloria

283 463 527 496 Exsultationis.

181 541 211 572 3.
239 537 389 570 Manibus
413 539 591 576 innocuum,

283 586 369 617 Puro
394 584 492 617 corde
514 584 667 616 mundum

241 632 385 664 Christus
412 632 499 664 levat
524 631 696 664 Cannicum

287 681 325 712 In
349 683 488 711 montem
513 679 694 712 iucundum.

377 754 584 789 Responsoria.

181 811 211 844 1.
238 810 347 842 Sermo
372 811 480 843 multis
505 810 655 850 populum

286 858 442 889 Lacrimis
467 858 592 898 rigavit,

239 906 335 944 Quem
360 905 447 936 Deus
471 913 531 944 per
554 906 698 945 angelum

287 952 403 984 Sancto
427 952 592 990 revelavit,

243 998 372 1031 Grande
396 1008 455 1039 per
478 999 664 1031 miraculum

287 1047 342 1078 Bis
368 1055 455 1078 mare
479 1047 621 1089 sedavit3

169 1094 208 1127 V.
239 1094 327 1133 Ignis
350 1093 567 1125 habitaculum

292 1140 400 1172 Sancti
426 1141 650 1181 concremavit,

246 1189 387 1227 Apertus
407 1188 582 1227 periculum

290 1234 390 1267 Liber
413 1235 580 1275 ignoravit.

187 1304 218 1334 2.
246 1299 392 1340 Cannice,
421 1309 549 1332 currens

291 1348 375 1379 viam
401 1347 590 1387 compendii,

243 1395 311 1426 Iam
336 1394 534 1434 triumphans

290 1441 325 1473 in
349 1445 433 1474 meta
457 1442 566 1483 stadii,

245 1488 383 1520 Satiatus

293 1536 332 1567 de
357 1534 444 1567 fonte
469 1536 587 1576 gaudii,

246 1583 300 1615 Ad
325 1586 367 1619 te,
392 1587 493 1626 pater,

293 1630 456 1669 suspirant
479 1629 555 1671 filii3

174 1677 211 1710 V.
245 1676 336 1717 Caro,
361 1679 507 1717 mundus,

296 1726 429 1757 daemon
452 1725 484 1756 vi
509 1725 623 1765 proelii

245 1771 355 1804 Nostri
381 1780 505 1804 cursum

294 1818 426 1851 turbant
450 1819 563 1853 exsilii.

194 1896 224 1928 3.
251 1894 350 1926 Facto
375 1903 445 1926 sero
470 1894 582 1926 vineae

297 1941 408 1975 Cultor
430 1945 623 1984 muneratur,

250 1988 378 2021 Clarum
399 1991 509 2021 tenens
535 1998 668 2028 vespere

297 2037 400 2070 Carne
424 2040 600 2079 separatur,

251 2083 302 2115 De
326 2084 398 2115 lacu
422 2084 568 2116 miseriae

300 2131 439 2171 Spiritus
464 2131 598 2175 levatur,

250 2178 363 2211 Carnis
387 2179 470 2211 liber
494 2179 634 2220 tegmine

300 2226 393 2259 Caelo
420 2225 611 2270 collocatur3

178 2273 218 2307 V.
249 2273 344 2306 Cuius
370 2283 460 2306 sacer
485 2275 586 2306 exitus

250 2321 314 2353 Per
339 2320 497 2354 Christum
522 2322 673 2355 divinitus

299 2368 403 2409 Signis
427 2371 616 2402 illustratur.

783 98 852 134 186
901 117 948 122 —-

1014 195 1058 227 111
1082 191 1310 225 Laudibus.

1062 268 1259 304 Antiphonae.

860 327 892 361 1.
917 326 1130 359 Decantemus
1158 325 1289 359 Cannici

966 374 1093 406 Laudes
1118 374 1160 405 ad
1184 372 1347 413 honorem,

919 421 979 460 Qui
1003 422 1065 453 iam
1090 422 1180 461 regni
1206 420 1317 452 caelici

965 469 1077 501 Induit
1102 468 1258 501 decorem.

860 526 892 558 2.
921 524 1095 557 Laetanter
1117 525 1276 566 magnalia

967 572 1076 605 Sancti
1101 572 1287 612 praedicate

923 619 968 652 Et
991 620 1025 651 in
1051 619 1117 651 eius
1142 620 1245 660 gloria

969 666 1037 699 Deo
1061 666 1204 701 iubilate.

863 726 894 757 3.
919 725 959 757 In
981 723 1083 755 noctis
1108 723 1226 763 vigiliis

966 770 1067 802 Deum
1092 770 1230 810 sitiebat,

918 818 1052 851 Pietatis
1077 818 1192 850 studiis

969 865 1047 897 Dies
1071 864 1287 904 impendebat.

863 924 894 956 4.
921 921 1119 954 Benedicant
1142 922 1313 953 Dominum

971 968 1075 1000 Chrisi
1101 968 1308 1012 confessores,

921 1016 980 1056 Qui
1006 1016 1157 1048 caelestes
1185 1015 1360 1047 Cannicum

973 1064 1068 1096 Vexit
1092 1063 1134 1094 ad
1158 1063 1304 1096 honores.

866 1121 896 1152 5.
923 1120 1071 1152 Laudent
1095 1128 1199 1159 regem
1226 1120 1346 1159 gloriae

973 1167 1103 1206 Cuncta,
1128 1175 1208 1206 quae
1236 1166 1366 1206 creavit,

926 1214 985 1252 Qui
1009 1215 1051 1246 ad
1078 1214 1182 1246 caelos
1206 1214 1304 1246 hodie

973 1260 1145 1293 Cannicum
1170 1262 1299 1294 levavit.

1043 1335 1090 1363 Ad
1108 1335 1292 1363 Benedictus.

855 1394 894 1426 A.
926 1393 1118 1426 Benedictus
1143 1394 1310 1434 Dominus,

973 1441 1034 1480 Qui
1058 1449 1116 1473 nos
1140 1441 1295 1481 visitavit,

927 1488 991 1521 Per
1016 1496 1107 1528 quem
1133 1491 1262 1521 sanctus
1290 1488 1446 1521 Cannicus

973 1535 1157 1577 Languidos
1181 1536 1316 1577 sanavit,

928 1583 991 1616 Sua
1015 1591 1112 1623 prece
1134 1587 1275 1616 mortuos

975 1630 1089 1662 Plures
1113 1630 1289 1670 suscitavit,

927 1677 1104 1718 Dirigendo
1131 1678 1239 1711 devios

979 1726 1066 1758 Viam
1091 1727 1179 1765 pacis
1204 1727 1320 1759 stravit

1000 1848 1045 1880 In
1073 1849 1104 1882 2.
1132 1849 1347 1889 Vesperis.

1045 1932 1092 1959 Ad
1111 1932 1291 1970 Magnificat.

857 1990 898 2024 A.
930 1990 1102 2023 Dulcescat
1126 1990 1200 2023 filiis

976 2037 1082 2069 Patris
1107 2038 1268 2079 memoria,

932 2084 1027 2117 Cuius
1051 2086 1208 2126 prodigiis

980 2132 1073 2173 Viget
1097 2133 1237 2176 Ossoria,

930 2180 1038 2212 Sacris
1061 2180 1232 2221 praesidiis

977 2227 1090 2260 Floret
1113 2229 1276 2272 Kilkenia‚

929 2274 1009 2307 Eius
1034 2274 1192 2318 suffragiis

978 2322 1146 2356 Donentur
1170 2325 1287 2365 gaudia

979 2370 1080 2404 Nobis
1104 2372 1137 2403 in
1163 2373 1277 2412 patria.
