1653 2567
748 129 983 165 ,87-

410 216 621 253 Responsoria.

218 271 248 304 1.
277 271 428 306 Caritatis

325 320 435 354 confer
457 322 597 364 insignia

275 367 387 411 Nobis,
412 370 518 412 Anna,

322 426 402 457 quae
428 419 524 458 digna
549 421 654 460 gratia

273 463 491 508 Nuncuparis,

321 512 361 545 da
386 514 450 546 reis
475 515 610 554 veniam,

271 560 380 593 Rectis
406 561 504 594 corde

318 612 450 647 praesta
473 610 640 644 laetitiam.

198 654 236 687 V.
269 656 392 696 Culpae
417 660 537 690 terram

315 706 459 745 purgasti
483 707 598 748 scoria,

266 752 355 784 Mira
376 754 481 786 caelos

315 802 436 833 ornasti
461 801 573 841 gloria.

206 858 237 891 2.
265 857 380 889 Funde
405 859 512 891 vinum
540 859 692 892 desolatis

308 905 423 939 Phiala
446 906 600 948 laetitiae,

263 953 309 985 Ut
334 954 374 985 de
398 963 495 995 regno
522 955 678 987 claritatis

308 1000 412 1033 Detur
436 1010 510 1042 spes
535 1001 689 1044 fiduciae3

189 1047 228 1082 V.
263 1047 379 1081 Funde
406 1058 521 1089 preces

307 1105 366 1137 pro
391 1097 483 1129 nobis
508 1098 636 1130 sedulas

258 1145 342 1183 Iesu,
369 1145 423 1184 qui
446 1144 519 1185 plus

305 1193 452 1233 largitur,
478 1201 573 1231 quam
597 1194 751 1233 postulas.

198 1249 229 1281 3.
261 1248 368 1281 Iudith
396 1252 506 1288 portas
532 1249 700 1282 Bethuliae

301 1298 450 1336 Ingressa
473 1305 541 1330 cum
566 1298 700 1339 laetitia,

252 1343 375 1377 Fronte
398 1344 476 1377 trita
501 1345 672 1385 superbiae

302 1391 369 1424 Nos
395 1395 498 1424 certos
526 1393 566 1424 de
591 1394 728 1426 victoria

252 1439 317 1472 Sub
343 1441 421 1480 typo
446 1441 558 1472 matris
584 1442 708 1482 gratiae

298 1487 421 1520 Reddit,
445 1491 478 1520 et
499 1496 577 1520 vera
601 1488 723 1530 gloria3

178 1534 217 1567 V.
248 1535 339 1567 Haec
363 1533 538 1570 Ierusalem
562 1536 687 1568 laetitia

247 1583 291 1615 Et
316 1586 497 1616 sanctorum
523 1584 774 1620 honorificentia.

310 1727 356 1761 In
383 1729 413 1761 3.
441 1728 674 1761 Nocturn0.

390 1803 589 1841 Antiphonae.

183 1861 212 1894 1.
240 1862 366 1896 Novum
394 1871 542 1896 canamus

289 1911 447 1944 canticum
473 1912 625 1955 laetitiae,

238 1960 302 1992 Per
327 1969 420 1999 quam
446 1960 584 1993 deletum
611 1962 659 1992 est

287 2007 533 2050 chirographum
559 2008 721 2041 tristitiae.

177 2067 209 2099 2.
237 2065 432 2098 sedentibus
458 2067 491 2099 in
517 2066 659 2099 tenebris

283 2114 340 2147 lux
366 2116 415 2146 est
438 2114 531 2146 iustis
557 2117 638 2155 orta,

235 2163 298 2195 Per
322 2163 439 2195 Annae
462 2163 648 2202 nepotulum

285 2211 394 2243 clausa
418 2211 530 2243 mortis
555 2215 660 2251 porta.

173 2270 204 2303 3.
232 2268 392 2301 Viderunt
418 2277 525 2301 omnes
551 2269 678 2301 termini

278 2316 342 2350 Dei
367 2317 519 2355 salutare,

228 2366 319 2406 Quod
344 2374 404 2405 per
428 2366 544 2398 Annae
567 2364 667 2398 filiam

276 2414 365 2447 venit
388 2423 447 2446 nos
473 2414 609 2447 salvare.

1108 230 1134 258 R
1138 240 1187 267 esp
1191 233 1316 260 cusoria.

911 285 941 318 1.
967 287 1114 320 Paradisi
1140 287 1211 321 fons

1014 344 1145 368 manans
1172 345 1189 368 e
1212 338 1328 383 medio,

966 381 1008 413 Se
1034 382 1211 416 diffundens

1014 432 1105 471 grato
1133 432 1263 473 diluvio⁷

963 477 1089 510 Annam
1113 479 1229 523 signat,

1010 529 1117 558 terrae
1141 528 1289 561 solatium

1007 573 1053 605 Et
1078 575 1159 607 caeli
1183 577 1342 617 gaudium.

889 618 927 652 V.
958 619 1095 653 Fructus
1122 623 1205 656 vitae
1231 626 1408 667 colligimus

957 667 1009 700 Ex
1034 669 1083 701 his
1109 671 1254 710 paradisi
1279 672 1471 708 fluminibus.

898 735 930 766 2.
960 735 1134 777 Largitatis

1005 784 1132 817 divinae
1154 787 1254 819 radiis

954 831 1127 873 Insignitos

1000 880 1160 920 tantisque
1185 882 1354 926 suffragiis,

953 927 1028 959 Iesu
1053 928 1146 971 bone,

999 975 1124 1007 Mariae
1146 973 1193 1020 (et
1209 978 1337 1022 Annae)
1361 981 1509 1018 precibus

999 1022 1132 1062 Semper
1158 1033 1215 1057 nos
1242 1023 1324 1070 (pie)
1350 1030 1500 1069 protege3

880 1069 918 1102 V,
947 1070 1150 1103 Accedamus

997 1118 1039 1150 ad
1064 1118 1195 1151 thronos
1221 1121 1345 1160 gratiae

946 1163 1059 1197 Dulcis
1083 1167 1195 1198 matris

996 1216 1027 1244 et
1051 1213 1126 1253 piae
1150 1213 1246 1249 filiae.

887 1278 918 1310 3.
943 1279 1041 1312 Anna
1064 1281 1149 1313 trino

991 1328 1145 1360 mundum
1169 1329 1373 1362 matrimonio

944 1374 1005 1406 Dei
1030 1378 1108 1408 nutu

990 1432 1107 1456 ornans
1132 1424 1309 1457 ministerio

938 1470 1057 1504 Trinae
1081 1472 1181 1511 prolis

987 1523 1188 1558 praesentem
1217 1520 1384 1553 ecclesiam

939 1566 1121 1600 Illustravit

987 1618 1019 1646 et
1043 1624 1214 1655 supernam
1241 1616 1371 1652 curiam,

865 1661 905 1696 V.
936 1661 1032 1694 Sidus
1057 1664 1153 1696 Anna

986 1712 1118 1752 clarum,
1144 1711 1302 1753 mirabile,

936 1757 1031 1791 Sidus
1056 1760 1202 1800 pandens

983 1808 1082 1840 solem
1109 1808 1306 1842 clementiae.

1029 1924 1075 1956 In
1100 1923 1332 1958 Laudibus

1075 1999 1276 2036 Antiphonae.

873 2059 903 2090 1.
930 2057 1033 2090 Adest
1059 2056 1175 2090 festum
1198 2059 1350 2099 laetitiae,

978 2115 1038 2146 quo
1064 2115 1122 2138 rex
1145 2109 1295 2138 aeternae
1318 2106 1441 2147 gloriae

930 2153 1066 2187 Sanctae
1091 2155 1207 2186 Annae
1230 2154 1354 2186 meritis

974 2203 1038 2234 reis
1066 2202 1123 2235 dat
1148 2202 1232 2235 dona
1256 2203 1379 2235 veniae.

868 2270 899 2303 2.
927 2269 1024 2301 Anna
1047 2270 1151 2302 Deum
1177 2270 1289 2302 sitiens

975 2318 1098 2350 caelum
1121 2318 1305 2360 parturivit,

924 2366 991 2405 Quo
1016 2366 1104 2398 Deus
1126 2366 1232 2399 induit
1254 2367 1425 2409 hominem,

972 2414 1026 2454 qui
1048 2423 1106 2446 nos
1132 2415 1174 2448 ad
1199 2416 1304 2448 caelos
1330 2417 1461 2451 adcivit.
