1655 2568
557 177 583 208 3.
603 177 697 209 Missa
716 175 817 207 sancti
836 173 972 206 Achatii.

315 249 544 282 Introitus.

190 325 431 365 congaudentes
455 324 587 356 laudent
610 326 719 364 gentes

237 372 361 412 agmina
386 371 515 411 nobilia,

189 419 330 452 Militum
360 417 581 451 crucifixorum

237 469 347 499 sancta
377 467 459 498 dena
482 465 579 504 milia,

189 515 253 548 Per
270 522 347 552 quos
360 514 447 546 Deus
463 513 580 544 mundo
598 514 742 552 praestat

239 562 322 593 <lona
345 559 514 592 mirabilia.

319 653 546 687 Graduale.

192 730 251 769 Qui
274 730 433 761 honorant
457 728 624 761 crucifixos

239 786 308 809 cum
332 785 413 816 pura
436 776 599 816 instantia,

191 824 282 857 Dena
306 823 395 855 milia
420 826 494 855 sunt
517 832 643 862 semper

237 880 298 911 pro
321 870 386 902 illis
412 870 545 909 orantia,

193 918 361 957 Nunquam
387 918 494 948 sinunt
516 917 589 948 illos
614 917 695 948 mori

237 966 305 997 sine
329 963 534 1004 paenitentia,

191 1012 335 1050 Namque
358 1010 445 1042 Deus
475 1011 573 1042 donat
595 1011 661 1042 illis

237 1060 334 1090 altum
360 1057 571 1100 privilegium,

191 1106 305 1138 Vincla
329 1105 453 1137 solvens
477 1107 680 1144 peccatorum

239 1154 426 1185 decenorum
451 1152 581 1184 milium.

122 1201 157 1235 V.
190 1200 351 1240 Speciales
376 1199 487 1230 horum
511 1199 595 1230 servi

242 1256 310 1279 cum
338 1248 377 1279 de
400 1247 517 1277 mundo
542 1249 718 1287 transeunt,

193 1295 285 1327 Dena
313 1293 402 1325 milia
427 1292 570 1325 crucifixi

242 1348 465 1374 concurrentes
491 1341 631 1382 veniunt,

191 1389 406 1421 Transeuntes
427 1387 608 1420 adiuvando

238 1435 386 1476 precibus
410 1437 631 1468 communiunt.

123 1484 160 1517 V.
192 1484 226 1516 Si
250 1491 422 1523 poenarum
447 1482 517 1514 loco
544 1482 658 1514 dentur

241 1533 275 1562 et
297 1539 360 1562 non
382 1529 600 1568 aeternalium,

192 1578 322 1611 Habent
348 1580 524 1617 martyrum
549 1586 608 1616 per
631 1585 744 1616 preces

242 1626 431 1658 decenorum
455 1624 572 1656 milium

867 244 1102 285 Indulgentiam
1130 243 1252 275 dierum

914 292 961 324 sic
987 292 1140 324 denorum
1164 290 1296 322 milium.

1006 415 1218 454 Alleluja.

869 502 988 534 Sancta
1013 501 1132 541 quippe
1157 502 1259 531 mater
1284 500 1352 532 tota

917 548 1084 588 praedicat
1109 547 1254 589 ecclesia,

870 595 959 635 Quod
985 603 1044 635 per
1067 595 1183 627 merita
1205 596 1388 626 sanctorum

915 642 1002 674 'Deus
1029 642 1085 674 dat
1108 641 1237 681 auxilia,

868 690 1107 722 Paenitentibus
1134 687 1287 722 confessis

921 738 1017 769 donat
1047 736 1287 777 indulgentiam.

969 858 1272 892 Offertorium.

872 945 1005 977 Cessent
1029 952 1104 984 ergo
1128 944 1340 984 malignantes

915 999 1017 1030 neque
1041 1000 1100 1030 per
1122 991 1276 1025 invidiam

868 1038 1075 1071 Detrahendo
1099 1039 1271 1071 molestare

917 1088 1096 1125 mai-tyrum
1117 1086 1304 1127 potentiam,

870 1132 921 1164 Ne
944 1132 978 1164 in
1000 1132 1063 1164 fine
1089 1133 1154 1165 sint
1180 1133 1322 1164 damnati

918 1188 977 1219 per
1001 1180 1062 1212 Dei
1089 1181 1290 1212 sententiam.

986 1303 1238 1336 communio.

874 1387 986 1420 Gloria
1009 1388 1053 1420 sit
1078 1387 1239 1429 crucifixo,

920 1436 1030 1478 honor,
1055 1435 1211 1476 iubilatio,

874 1483 934 1521 Qui
958 1485 1005 1514 est
1029 1491 1088 1514 rex
1114 1482 1344 1523 crucifixorum,

919 1530 997 1570 vita,
1024 1530 1210 1568 consolatio,

873 1576 956 1615 Quos
982 1578 1110 1618 amavit,
1139 1580 1305 1610 coronavit

919 1625 953 1657 in
979 1625 1059 1657 caeli
1080 1625 1210 1665 palatio.

199 1707 267 1736 Cod.
281 1707 415 1735 Vatican.
437 1704 518 1735 1205.
540 1715 615 1735 saec.
638 1705 681 1735 15.
701 1721 738 1726 —
752 1707 899 1735 Introit.
915 1705 931 1735 5
946 1707 1004 1736 Per
1018 1716 1090 1744 quos
1105 1708 1258 1736 Dominus.
1276 1724 1311 1727 —
1326 1708 1396 1737 Gra
1403 1709 1430 1736 (1.

124 1746 138 1775 1
161 1747 218 1780 Qui
238 1746 363 1783 ergiinzt.
385 1760 420 1764 —
440 1745 514 1772 Ibid.
537 1744 554 1772 7
573 1745 742 1773 Exercitum
762 1754 882 1781 regnum
903 1755 954 1780 per
975 1754 1074 1773 omnes
1088 1747 1169 1774 Deus
1190 1746 1281 1775 donat
1299 1747 1369 1774 illis.
1394 1761 1430 1766 -—

122 1784 198 1813 Ibid.
227 1782 243 1810 9
263 1783 398 1811 Vincula.
424 1798 460 1803 -
480 1783 554 1811 Ibid.
577 1781 612 1811 10
635 1783 726 1810 milia.
746 1797 784 1802 —
803 1783 877 1811 Ibid.
901 1782 935 1811 19
955 1792 1006 1820 per
1027 1785 1155 1820 ergiinzt.
1175 1799 1212 1804 ——
1231 1785 1341 1813 Allel.
1363 1783 1380 1813 5
1403 1788 1432 1813 et

123 1822 260 1850 confexis.
288 1836 325 1841 —-
351 1822 424 1850 Dies
451 1822 483 1848 in
501 1820 666 1856 Rhythmus
693 1820 753 1848 und
772 1822 857 1849 Reim
883 1821 1049 1858 gekleidete
1067 1821 1284 1850 Messformular
1303 1824 1344 1850 ist
1364 1820 1430 1851 aufs

125 1863 225 1896 eng-§te
256 1860 311 1888 den
336 1858 537 1888 Reimofficien
568 1859 732 1893 verwandt,
766 1859 894 1888 weshalb
924 1868 954 1887 es
981 1862 1066 1888 unter
1091 1861 1191 1888 diesen
1218 1862 1320 1889 seinen
1347 1861 1431 1890 Platz

122 1898 220 1926 findet.

574 2013 603 2044 4.
630 2012 674 2045 Dc
695 2014 803 2045 sancto
825 2012 973 2045 Adriano.

258 2103 304 2135 In
331 2103 360 2136 1.
387 2103 606 2143 Vesperis.

335 2169 530 2205 Antiphonae.

135 2215 166 2246 1.
193 2212 338 2256 Laetare,
364 2213 456 2253 plebs
484 2213 648 2256 catholica,

193 2260 358 2299 Deumque
380 2260 548 2302 magnifica

194 2309 257 2341 Pro
280 2308 409 2348 pietatis
434 2310 536 2349 gratia

195 2354 340 2389 Adriano
363 2356 527 2397 praestitaa

816 2105 847 2137 2.
875 2104 933 2143 Qui
960 2103 1000 2136 de
1024 2104 1127 2144 stirpe
1151 2104 1252 2137 nobili

875 2151 1055 2184 Secundum
1081 2154 1199 2184 statum
1224 2153 1345 2185 saeculi

872 2199 951 2231 Eius
978 2199 1079 2232 traxit
1102 2200 1268 2240 originem,

873 2247 968 2280 Hunc
992 2256 1082 2279 suum
1108 2246 1187 2280 fecit
1209 2248 1354 2281 militem.

817 2310 847 2343 3.
873 2309 1062 2342 Maximiani
1087 2312 1231 2350 tempore

876 2358 1036 2398 Pugnavit
1057 2358 1279 2399 invictissime,
