<?xml version="1.0" encoding="UTF-8"?>
<!DOCTYPE html PUBLIC "-//W3C//DTD XHTML 1.0 Transitional//EN"
    "http://www.w3.org/TR/xhtml1/DTD/xhtml1-transitional.dtd">
<html xmlns="http://www.w3.org/1999/xhtml" xml:lang="en" lang="en">
 <head>
  <title>
</title>
<meta http-equiv="Content-Type" content="text/html;charset=utf-8" />
  <meta name='ocr-system' content='tesseract 3.04.00' />
  <meta name='ocr-capabilities' content='ocr_page ocr_carea ocr_par ocr_line ocrx_word'/>
</head>
<body>
  <div class='ocr_page' id='page_1' title='image "./analectahymnica25drevuoft_00205.png"; bbox 0 0 1653 2567; ppageno 0'>
   <div class='ocr_carea' id='block_1_1' title="bbox 712 159 969 193">
    <p class='ocr_par' dir='ltr' id='par_1_1' title="bbox 712 159 969 193">
     <span class='ocr_line' id='line_1_1' title="bbox 712 159 969 193; baseline 0 0"><span class='ocrx_word' id='word_1_1' title='bbox 712 159 969 193; x_wconf 83' lang='lat'>—202—</span> 
     </span>
    </p>
   </div>
   <div class='ocr_carea' id='block_1_2' title="bbox 597 251 1086 291">
    <p class='ocr_par' dir='ltr' id='par_1_2' title="bbox 597 251 1086 291">
     <span class='ocr_line' id='line_1_2' title="bbox 597 251 1086 291; baseline -0.002 -9"><span class='ocrx_word' id='word_1_2' title='bbox 597 251 637 282; x_wconf 81' lang='lat'>71.</span> <span class='ocrx_word' id='word_1_3' title='bbox 667 251 709 282; x_wconf 81' lang='lat' dir='ltr'>De</span> <span class='ocrx_word' id='word_1_4' title='bbox 729 253 836 283; x_wconf 85' lang='lat' dir='ltr'>saneto</span> <span class='ocrx_word' id='word_1_5' title='bbox 858 251 1086 291; x_wconf 78' lang='lat' dir='ltr'><strong>christophoro.</strong></span> 
     </span>
    </p>
   </div>
   <div class='ocr_carea' id='block_1_3' title="bbox 333 321 1350 799">
    <p class='ocr_par' dir='ltr' id='par_1_3' title="bbox 333 321 1297 410">
     <span class='ocr_line' id='line_1_3' title="bbox 333 321 1297 361; baseline -0.003 -7"><span class='ocrx_word' id='word_1_6' title='bbox 333 322 377 354; x_wconf 88' lang='lat' dir='ltr'>In</span> <span class='ocrx_word' id='word_1_7' title='bbox 406 323 436 355; x_wconf 88' lang='lat'>1.</span> <span class='ocrx_word' id='word_1_8' title='bbox 463 321 679 361; x_wconf 81' lang='lat' dir='ltr'>Vesperis,</span> <span class='ocrx_word' id='word_1_9' title='bbox 941 322 1100 354; x_wconf 88' lang='lat' dir='ltr'>Mirandis</span> <span class='ocrx_word' id='word_1_10' title='bbox 1128 321 1297 354; x_wconf 90' lang='lat' dir='ltr'>virtutibus</span> 
     </span>
     <span class='ocr_line' id='line_1_4' title="bbox 987 369 1247 410; baseline 0 -9"><span class='ocrx_word' id='word_1_11' title='bbox 987 369 1064 401; x_wconf 86' lang='lat' dir='ltr'><strong>Fuit</strong></span> <span class='ocrx_word' id='word_1_12' title='bbox 1086 369 1247 410; x_wconf 85' lang='lat' dir='ltr'>insignita.</span> 
     </span>
    </p>

    <p class='ocr_par' dir='ltr' id='par_1_4' title="bbox 883 426 1310 561">
     <span class='ocr_line' id='line_1_5' title="bbox 883 426 1242 466; baseline -0.008 -7"><span class='ocrx_word' id='word_1_13' title='bbox 883 428 915 459; x_wconf 83' lang='lat'>2.</span> <span class='ocrx_word' id='word_1_14' title='bbox 943 426 1084 459; x_wconf 87' lang='lat' dir='ltr'>Certauti</span> <span class='ocrx_word' id='word_1_15' title='bbox 1108 426 1242 466; x_wconf 83' lang='lat' dir='ltr'>ligitime</span> 
     </span>
     <span class='ocr_line' id='line_1_6' title="bbox 989 473 1282 515; baseline -0.007 -9"><span class='ocrx_word' id='word_1_16' title='bbox 989 473 1112 506; x_wconf 86' lang='lat' dir='ltr'>Corona</span> <span class='ocrx_word' id='word_1_17' title='bbox 1138 473 1282 515; x_wconf 82' lang='lat' dir='ltr'>debetur,</span> 
     </span>
     <span class='ocr_line' id='line_1_7' title="bbox 939 520 1310 561; baseline -0.005 -8"><span class='ocrx_word' id='word_1_18' title='bbox 939 521 1026 561; x_wconf 83' lang='lat' dir='ltr'>Ergo</span> <span class='ocrx_word' id='word_1_19' title='bbox 1052 523 1174 560; x_wconf 83' lang='lat' dir='ltr'><strong>martyr</strong></span> <span class='ocrx_word' id='word_1_20' title='bbox 1198 520 1310 551; x_wconf 90' lang='lat' dir='ltr'>intime</span> 
     </span>
    </p>

    <p class='ocr_par' dir='ltr' id='par_1_5' title="bbox 884 568 1350 799">
     <span class='ocr_line' id='line_1_8' title="bbox 988 568 1350 608; baseline 0 -8"><span class='ocrx_word' id='word_1_21' title='bbox 988 569 1026 601; x_wconf 91' lang='lat' dir='ltr'>In</span> <span class='ocrx_word' id='word_1_22' title='bbox 1052 568 1138 600; x_wconf 86' lang='lat' dir='ltr'>caelo</span> <span class='ocrx_word' id='word_1_23' title='bbox 1163 568 1350 608; x_wconf 82' lang='lat' dir='ltr'><strong>gratuletur.</strong></span> 
     </span>
     <span class='ocr_line' id='line_1_9' title="bbox 884 624 1300 657; baseline -0.005 0"><span class='ocrx_word' id='word_1_24' title='bbox 884 626 914 657; x_wconf 87' lang='lat'>3.</span> <span class='ocrx_word' id='word_1_25' title='bbox 942 624 1089 657; x_wconf 88' lang='lat' dir='ltr'>Servavit</span> <span class='ocrx_word' id='word_1_26' title='bbox 1112 625 1300 656; x_wconf 81' lang='lat' dir='ltr'>munditiam</span> 
     </span>
     <span class='ocr_line' id='line_1_10' title="bbox 989 671 1350 711; baseline -0.006 -8"><span class='ocrx_word' id='word_1_27' title='bbox 989 671 1138 711; x_wconf 85' lang='lat' dir='ltr'>Corporis</span> <span class='ocrx_word' id='word_1_28' title='bbox 1170 674 1202 702; x_wconf 88' lang='lat' dir='ltr'>et</span> <span class='ocrx_word' id='word_1_29' title='bbox 1225 671 1350 709; x_wconf 81' lang='lat' dir='ltr'>mentis,</span> 
     </span>
     <span class='ocr_line' id='line_1_11' title="bbox 939 719 1291 751; baseline -0.006 0"><span class='ocrx_word' id='word_1_30' title='bbox 939 719 1101 751; x_wconf 85' lang='lat' dir='ltr'>Plantavit</span> <span class='ocrx_word' id='word_1_31' title='bbox 1126 719 1291 751; x_wconf 77' lang='lat' dir='ltr'>ecclesiam</span> 
     </span>
     <span class='ocr_line' id='line_1_12' title="bbox 987 765 1315 799; baseline -0.003 0"><span class='ocrx_word' id='word_1_32' title='bbox 987 766 1058 799; x_wconf 84' lang='lat' dir='ltr'>Suis</span> <span class='ocrx_word' id='word_1_33' title='bbox 1081 766 1114 797; x_wconf 88' lang='lat' dir='ltr'>in</span> <span class='ocrx_word' id='word_1_34' title='bbox 1139 765 1315 798; x_wconf 87' lang='lat' dir='ltr'>tormentis.</span> 
     </span>
    </p>
   </div>
   <div class='ocr_carea' id='block_1_4' title="bbox 408 396 603 431">
    <p class='ocr_par' dir='ltr' id='par_1_6' title="bbox 408 396 603 431">
     <span class='ocr_line' id='line_1_13' title="bbox 408 396 603 431; baseline -0.005 -8"><span class='ocrx_word' id='word_1_35' title='bbox 408 396 603 431; x_wconf 83' lang='lat' dir='ltr'>Antiphonae.</span> 
     </span>
    </p>
   </div>
   <div class='ocr_carea' id='block_1_5' title="bbox 206 453 657 626">
    <p class='ocr_par' dir='ltr' id='par_1_7' title="bbox 206 453 657 626">
     <span class='ocr_line' id='line_1_14' title="bbox 206 453 609 492; baseline -0.007 -6"><span class='ocrx_word' id='word_1_36' title='bbox 206 455 236 486; x_wconf 88' lang='lat'>1.</span> <span class='ocrx_word' id='word_1_37' title='bbox 263 454 352 486; x_wconf 84' lang='lat' dir='ltr'>Nitet</span> <span class='ocrx_word' id='word_1_38' title='bbox 377 454 461 485; x_wconf 90' lang='lat' dir='ltr'>inter</span> <span class='ocrx_word' id='word_1_39' title='bbox 484 453 609 492; x_wconf 82' lang='lat' dir='ltr'>agmina</span> 
     </span>
     <span class='ocr_line' id='line_1_15' title="bbox 309 500 651 532; baseline -0.003 -1"><span class='ocrx_word' id='word_1_40' title='bbox 309 501 468 532; x_wconf 83' lang='lat' dir='ltr'>Virtutum</span> <span class='ocrx_word' id='word_1_41' title='bbox 494 500 651 531; x_wconf 85' lang='lat' dir='ltr'>caelorum</span> 
     </span>
     <span class='ocr_line' id='line_1_16' title="bbox 263 547 653 587; baseline -0.005 -8"><span class='ocrx_word' id='word_1_42' title='bbox 263 547 389 586; x_wconf 72' lang='lat' dir='ltr'>Martyr</span> <span class='ocrx_word' id='word_1_43' title='bbox 412 549 486 587; x_wconf 89' lang='lat' dir='ltr'>post</span> <span class='ocrx_word' id='word_1_44' title='bbox 510 547 653 577; x_wconf 87' lang='lat' dir='ltr'>examina</span> 
     </span>
     <span class='ocr_line' id='line_1_17' title="bbox 308 593 657 626; baseline -0.006 0"><span class='ocrx_word' id='word_1_45' title='bbox 308 594 423 626; x_wconf 86' lang='lat' dir='ltr'>Mundi</span> <span class='ocrx_word' id='word_1_46' title='bbox 448 596 480 624; x_wconf 88' lang='lat' dir='ltr'>et</span> <span class='ocrx_word' id='word_1_47' title='bbox 502 593 657 625; x_wconf 89' lang='lat' dir='ltr'>laborum.</span> 
     </span>
    </p>
   </div>
   <div class='ocr_carea' id='block_1_6' title="bbox 202 651 1280 887">
    <p class='ocr_par' dir='ltr' id='par_1_8' title="bbox 202 651 1280 887">
     <span class='ocr_line' id='line_1_18' title="bbox 205 651 551 690; baseline -0.009 -7"><span class='ocrx_word' id='word_1_48' title='bbox 205 652 237 683; x_wconf 83' lang='lat'>2.</span> <span class='ocrx_word' id='word_1_49' title='bbox 264 651 399 690; x_wconf 88' lang='lat' dir='ltr'>Copulat</span> <span class='ocrx_word' id='word_1_50' title='bbox 423 652 551 681; x_wconf 88' lang='lat' dir='ltr'>aeterno</span> 
     </span>
     <span class='ocr_line' id='line_1_19' title="bbox 308 694 799 737; baseline 0 -9"><span class='ocrx_word' id='word_1_51' title='bbox 308 705 342 728; x_wconf 88' lang='lat' dir='ltr'>se</span> <span class='ocrx_word' id='word_1_52' title='bbox 362 699 484 736; x_wconf 78' lang='lat' dir='ltr'>martyr</span> <span class='ocrx_word' id='word_1_53' title='bbox 507 694 637 728; x_wconf 80' lang='lat' dir='ltr'>foedere</span> <span class='ocrx_word' id='word_1_54' title='bbox 663 696 799 737; x_wconf 87' lang='lat' dir='ltr'>Christo,</span> 
     </span>
     <span class='ocr_line' id='line_1_20' title="bbox 258 742 558 783; baseline -0.007 -7"><span class='ocrx_word' id='word_1_55' title='bbox 258 744 301 776; x_wconf 86' lang='lat' dir='ltr'>Et</span> <span class='ocrx_word' id='word_1_56' title='bbox 327 744 415 783; x_wconf 85' lang='lat' dir='ltr'>eupit</span> <span class='ocrx_word' id='word_1_57' title='bbox 436 752 474 775; x_wconf 88' lang='lat' dir='ltr'>ex</span> <span class='ocrx_word' id='word_1_58' title='bbox 497 742 558 774; x_wconf 90' lang='lat' dir='ltr'>isto</span> 
     </span>
     <span class='ocr_line' id='line_1_21' title="bbox 307 791 691 832; baseline -0.003 -9"><span class='ocrx_word' id='word_1_59' title='bbox 307 792 375 832; x_wconf 84' lang='lat' dir='ltr'>regi</span> <span class='ocrx_word' id='word_1_60' title='bbox 400 791 520 822; x_wconf 84' lang='lat' dir='ltr'>servire</span> <span class='ocrx_word' id='word_1_61' title='bbox 545 799 691 830; x_wconf 86' lang='lat' dir='ltr'>superno.</span> 
     </span>
     <span class='ocr_line' id='line_1_22' title="bbox 202 846 1280 887; baseline -0.001 -9"><span class='ocrx_word' id='word_1_62' title='bbox 202 847 233 879; x_wconf 85' lang='lat'>3.</span> <span class='ocrx_word' id='word_1_63' title='bbox 260 846 344 878; x_wconf 79' lang='lat' dir='ltr'>Laus</span> <span class='ocrx_word' id='word_1_64' title='bbox 370 847 437 878; x_wconf 85' lang='lat' dir='ltr'>Deo</span> <span class='ocrx_word' id='word_1_65' title='bbox 462 846 610 885; x_wconf 79' lang='lat' dir='ltr'>mirabili,</span> <span class='ocrx_word' id='word_1_66' title='bbox 1074 851 1280 887; x_wconf 80' lang='lat' dir='ltr'>Responsoria.</span> 
     </span>
    </p>
   </div>
   <div class='ocr_carea' id='block_1_7' title="bbox 201 894 1457 1492">
    <p class='ocr_par' dir='ltr' id='par_1_9' title="bbox 201 894 1457 1492">
     <span class='ocr_line' id='line_1_23' title="bbox 288 894 1335 948; baseline 0 -9"><span class='ocrx_word' id='word_1_67' title='bbox 288 894 366 947; x_wconf 65' lang='lat' dir='ltr'>‚QUi</span> <span class='ocrx_word' id='word_1_68' title='bbox 392 894 513 925; x_wconf 63' lang='lat' dir='ltr'>caelum</span> <span class='ocrx_word' id='word_1_69' title='bbox 537 894 664 947; x_wconf 56' lang='lat' dir='ltr'>pif‘fum</span> <span class='ocrx_word' id='word_1_70' title='bbox 883 910 912 943; x_wconf 85' lang='lat'>1.</span> <span class='ocrx_word' id='word_1_71' title='bbox 937 910 1065 948; x_wconf 86' lang='lat' dir='ltr'>Martyr</span> <span class='ocrx_word' id='word_1_72' title='bbox 1090 908 1335 948; x_wconf 86' lang='lat' dir='ltr'>Ghristopherus</span> 
     </span>
     <span class='ocr_line' id='line_1_24' title="bbox 260 938 1279 988; baseline 0.004 -16"><span class='ocrx_word' id='word_1_73' title='bbox 260 942 411 973; x_wconf 78' lang='lat' dir='ltr'><strong>Fluxerat</strong></span> <span class='ocrx_word' id='word_1_74' title='bbox 435 938 603 980; x_wconf 77' lang='lat' dir='ltr'>spectabm</span> <span class='ocrx_word' id='word_1_75' title='bbox 985 957 1091 988; x_wconf 73' lang='lat' dir='ltr'>Bonus</span> <span class='ocrx_word' id='word_1_76' title='bbox 1120 959 1152 987; x_wconf 55' lang='lat' dir='ltr'>et</span> <span class='ocrx_word' id='word_1_77' title='bbox 1174 955 1279 987; x_wconf 65' lang='lat' dir='ltr'>fidelis</span> 
     </span>
     <span class='ocr_line' id='line_1_25' title="bbox 304 981 1291 1044; baseline 0.005 -25"><span class='ocrx_word' id='word_1_78' title='bbox 304 987 472 1019; x_wconf 80' lang='lat' dir='ltr'>Stellarum</span> <span class='ocrx_word' id='word_1_79' title='bbox 506 988 638 1020; x_wconf 87' lang='lat' dir='ltr'>cultura.</span> <span class='ocrx_word' id='word_1_80' title='bbox 939 1004 1039 1044; x_wconf 60' lang='lat' dir='ltr'><strong>Mitis,</strong></span> <span class='ocrx_word' id='word_1_81' title='bbox 1067 1001 1252 1034; x_wconf 66' lang='lat' dir='ltr'>fructiferas</span> <span class='ocrx_word' id='word_1_82' title='bbox 1284 981 1291 997; x_wconf 87' lang='lat'>’</span> 
     </span>
     <span class='ocr_line' id='line_1_26' title="bbox 201 1044 1273 1090; baseline 0.002 -13"><span class='ocrx_word' id='word_1_83' title='bbox 201 1047 232 1077; x_wconf 84' lang='lat'>4.</span> <span class='ocrx_word' id='word_1_84' title='bbox 261 1044 382 1076; x_wconf 84' lang='lat' dir='ltr'>Clausit</span> <span class='ocrx_word' id='word_1_85' title='bbox 405 1045 489 1076; x_wconf 85' lang='lat' dir='ltr'>viam</span> <span class='ocrx_word' id='word_1_86' title='bbox 513 1044 628 1076; x_wconf 85' lang='lat' dir='ltr'>sceleri</span> <span class='ocrx_word' id='word_1_87' title='bbox 987 1051 1057 1083; x_wconf 83' lang='lat' dir='ltr'>Suis</span> <span class='ocrx_word' id='word_1_88' title='bbox 1081 1051 1115 1081; x_wconf 84' lang='lat' dir='ltr'>in</span> <span class='ocrx_word' id='word_1_89' title='bbox 1140 1050 1273 1090; x_wconf 82' lang='lat' dir='ltr'>loquelis</span> 
     </span>
     <span class='ocr_line' id='line_1_27' title="bbox 304 1091 1325 1138; baseline 0.002 -12"><span class='ocrx_word' id='word_1_90' title='bbox 304 1091 395 1123; x_wconf 79' lang='lat' dir='ltr'>Omni</span> <span class='ocrx_word' id='word_1_91' title='bbox 419 1092 599 1131; x_wconf 73' lang='lat' dir='ltr'>maledicto,</span> <span class='ocrx_word' id='word_1_92' title='bbox 939 1098 1125 1138; x_wconf 83' lang='lat' dir='ltr'>Linguaque</span> <span class='ocrx_word' id='word_1_93' title='bbox 1149 1096 1325 1129; x_wconf 86' lang='lat' dir='ltr'>melliferus</span> 
     </span>
     <span class='ocr_line' id='line_1_28' title="bbox 256 1138 1417 1183; baseline 0.003 -11"><span class='ocrx_word' id='word_1_94' title='bbox 256 1138 326 1170; x_wconf 85' lang='lat' dir='ltr'>Non</span> <span class='ocrx_word' id='word_1_95' title='bbox 357 1138 492 1170; x_wconf 79' lang='lat' dir='ltr'>dabatur</span> <span class='ocrx_word' id='word_1_96' title='bbox 515 1138 649 1178; x_wconf 78' lang='lat' dir='ltr'>martyri</span> <span class='ocrx_word' id='word_1_97' title='bbox 985 1145 1113 1178; x_wconf 77' lang='lat' dir='ltr'>Gaudet</span> <span class='ocrx_word' id='word_1_98' title='bbox 1136 1153 1220 1176; x_wconf 81' lang='lat' dir='ltr'>nunc</span> <span class='ocrx_word' id='word_1_99' title='bbox 1243 1145 1276 1176; x_wconf 89' lang='lat' dir='ltr'>in</span> <span class='ocrx_word' id='word_1_100' title='bbox 1303 1144 1417 1183; x_wconf 82' lang='lat' dir='ltr'>caelis;</span> 
     </span>
     <span class='ocr_line' id='line_1_29' title="bbox 304 1185 1212 1232; baseline 0.007 -16"><span class='ocrx_word' id='word_1_101' title='bbox 304 1185 426 1217; x_wconf 86' lang='lat' dir='ltr'>Thorus</span> <span class='ocrx_word' id='word_1_102' title='bbox 451 1186 484 1216; x_wconf 91' lang='lat' dir='ltr'>iu</span> <span class='ocrx_word' id='word_1_103' title='bbox 511 1185 636 1217; x_wconf 89' lang='lat' dir='ltr'>delicto.</span> <span class='ocrx_word' id='word_1_104' title='bbox 867 1194 906 1226; x_wconf 71' lang='lat' dir='ltr'>V,</span> <span class='ocrx_word' id='word_1_105' title='bbox 938 1193 1026 1225; x_wconf 82' lang='lat' dir='ltr'>Vixit</span> <span class='ocrx_word' id='word_1_106' title='bbox 1051 1191 1212 1232; x_wconf 77' lang='lat' dir='ltr'>paciferus</span> 
     </span>
     <span class='ocr_line' id='line_1_30' title="bbox 202 1238 1457 1280; baseline -0.003 -7"><span class='ocrx_word' id='word_1_107' title='bbox 202 1244 235 1274; x_wconf 84' lang='lat'>5.</span> <span class='ocrx_word' id='word_1_108' title='bbox 263 1241 368 1273; x_wconf 85' lang='lat' dir='ltr'>Sensit</span> <span class='ocrx_word' id='word_1_109' title='bbox 390 1242 443 1272; x_wconf 87' lang='lat' dir='ltr'>hic</span> <span class='ocrx_word' id='word_1_110' title='bbox 469 1242 599 1280; x_wconf 90' lang='lat' dir='ltr'>deicola,</span> <span class='ocrx_word' id='word_1_111' title='bbox 984 1240 1037 1271; x_wconf 90' lang='lat' dir='ltr'>hic</span> <span class='ocrx_word' id='word_1_112' title='bbox 1060 1238 1139 1271; x_wconf 85' lang='lat' dir='ltr'>felix</span> <span class='ocrx_word' id='word_1_113' title='bbox 1163 1239 1283 1279; x_wconf 86' lang='lat' dir='ltr'>absque</span> <span class='ocrx_word' id='word_1_114' title='bbox 1308 1239 1457 1279; x_wconf 83' lang='lat' dir='ltr'>querelis,</span> 
     </span>
     <span class='ocr_line' id='line_1_31' title="bbox 307 1288 1258 1335; baseline 0.005 -13"><span class='ocrx_word' id='word_1_115' title='bbox 307 1288 386 1320; x_wconf 79' lang='lat' dir='ltr'>Caro</span> <span class='ocrx_word' id='word_1_116' title='bbox 414 1289 486 1320; x_wconf 85' lang='lat' dir='ltr'>dum</span> <span class='ocrx_word' id='word_1_117' title='bbox 512 1289 657 1328; x_wconf 72' lang='lat' dir='ltr'>excessit,</span> <span class='ocrx_word' id='word_1_118' title='bbox 882 1297 912 1329; x_wconf 84' lang='lat'>2.</span> <span class='ocrx_word' id='word_1_119' title='bbox 940 1295 1037 1327; x_wconf 90' lang='lat' dir='ltr'>Bonis</span> <span class='ocrx_word' id='word_1_120' title='bbox 1060 1296 1258 1335; x_wconf 88' lang='lat' dir='ltr'>spiritalibus</span> 
     </span>
     <span class='ocr_line' id='line_1_32' title="bbox 259 1335 1336 1382; baseline 0.005 -16"><span class='ocrx_word' id='word_1_121' title='bbox 259 1335 379 1373; x_wconf 87' lang='lat' dir='ltr'>Carnis,</span> <span class='ocrx_word' id='word_1_122' title='bbox 407 1336 516 1367; x_wconf 87' lang='lat' dir='ltr'>mundi</span> <span class='ocrx_word' id='word_1_123' title='bbox 540 1335 675 1367; x_wconf 83' lang='lat' dir='ltr'>subdola</span> <span class='ocrx_word' id='word_1_124' title='bbox 985 1343 1044 1381; x_wconf 77' lang='lat' dir='ltr'>Qui</span> <span class='ocrx_word' id='word_1_125' title='bbox 1069 1344 1139 1375; x_wconf 70' lang='lat' dir='ltr'>vult</span> <span class='ocrx_word' id='word_1_126' title='bbox 1163 1343 1336 1382; x_wconf 76' lang='lat' dir='ltr'>abundare,</span> 
     </span>
     <span class='ocr_line' id='line_1_33' title="bbox 306 1383 1301 1423; baseline 0.011 -13"><span class='ocrx_word' id='word_1_127' title='bbox 306 1383 459 1414; x_wconf 76' lang='lat' dir='ltr'>Fomenta</span> <span class='ocrx_word' id='word_1_128' title='bbox 483 1383 645 1422; x_wconf 81' lang='lat' dir='ltr'>repressit.</span> <span class='ocrx_word' id='word_1_129' title='bbox 937 1391 1049 1423; x_wconf 84' lang='lat' dir='ltr'>Discat</span> <span class='ocrx_word' id='word_1_130' title='bbox 1074 1393 1106 1422; x_wconf 87' lang='lat' dir='ltr'>et</span> <span class='ocrx_word' id='word_1_131' title='bbox 1130 1390 1301 1422; x_wconf 84' lang='lat' dir='ltr'>virtutibus</span> 
     </span>
     <span class='ocr_line' id='line_1_34' title="bbox 375 1438 1274 1492; baseline 0.004 -9"><span class='ocrx_word' id='word_1_132' title='bbox 375 1456 420 1483; x_wconf 83' lang='lat' dir='ltr'>Ad</span> <span class='ocrx_word' id='word_1_133' title='bbox 440 1456 618 1492; x_wconf 83' lang='lat' dir='ltr'>Magnifieat.</span> <span class='ocrx_word' id='word_1_134' title='bbox 985 1438 1026 1470; x_wconf 69' lang='lat' dir='ltr'>se</span> <span class='ocrx_word' id='word_1_135' title='bbox 1050 1438 1137 1478; x_wconf 70' lang='lat' dir='ltr'>ipum</span> <span class='ocrx_word' id='word_1_136' title='bbox 1159 1446 1274 1469; x_wconf 66' lang='lat' dir='ltr'>ornare</span> 
     </span>
    </p>
   </div>
   <div class='ocr_carea' id='block_1_8' title="bbox 897 1485 1413 1661">
    <p class='ocr_par' dir='ltr' id='par_1_10' title="bbox 897 1485 1413 1661">
     <span class='ocr_line' id='line_1_35' title="bbox 938 1485 1291 1525; baseline -0.006 -7"><span class='ocrx_word' id='word_1_137' title='bbox 938 1485 1062 1518; x_wconf 86' lang='lat' dir='ltr'>Sanctis</span> <span class='ocrx_word' id='word_1_138' title='bbox 1089 1488 1121 1517; x_wconf 89' lang='lat' dir='ltr'>et</span> <span class='ocrx_word' id='word_1_139' title='bbox 1142 1485 1291 1525; x_wconf 88' lang='lat' dir='ltr'>operibus</span> 
     </span>
     <span class='ocr_line' id='line_1_36' title="bbox 983 1531 1296 1572; baseline -0.003 -8"><span class='ocrx_word' id='word_1_140' title='bbox 983 1534 1084 1564; x_wconf 89' lang='lat' dir='ltr'>Actus</span> <span class='ocrx_word' id='word_1_141' title='bbox 1110 1531 1296 1572; x_wconf 86' lang='lat' dir='ltr'>reformare,</span> 
     </span>
     <span class='ocr_line' id='line_1_37' title="bbox 897 1579 1338 1620; baseline -0.007 -7"><span class='ocrx_word' id='word_1_142' title='bbox 897 1606 904 1613; x_wconf 92' lang='lat'><strong>.</strong></span> <span class='ocrx_word' id='word_1_143' title='bbox 936 1579 1181 1619; x_wconf 80' lang='lat' dir='ltr'>Ollristophorus</span> <span class='ocrx_word' id='word_1_144' title='bbox 1207 1579 1338 1620; x_wconf 88' lang='lat' dir='ltr'>paribus</span> 
     </span>
     <span class='ocr_line' id='line_1_38' title="bbox 981 1626 1413 1661; baseline 0 -3"><span class='ocrx_word' id='word_1_145' title='bbox 981 1628 1104 1659; x_wconf 88' lang='lat' dir='ltr'>studuit</span> <span class='ocrx_word' id='word_1_146' title='bbox 1127 1627 1250 1659; x_wconf 88' lang='lat' dir='ltr'>meritis</span> <span class='ocrx_word' id='word_1_147' title='bbox 1275 1626 1413 1661; x_wconf 85' lang='lat' dir='ltr'>radiare.</span> 
     </span>
    </p>
   </div>
   <div class='ocr_carea' id='block_1_9' title="bbox 323 1683 1444 2056">
    <p class='ocr_par' dir='ltr' id='par_1_11' title="bbox 323 1683 1444 2056">
     <span class='ocr_line' id='line_1_39' title="bbox 881 1683 1344 1724; baseline -0.004 -7"><span class='ocrx_word' id='word_1_148' title='bbox 881 1686 911 1717; x_wconf 87' lang='lat'>3.</span> <span class='ocrx_word' id='word_1_149' title='bbox 940 1683 1188 1724; x_wconf 84' lang='lat' dir='ltr'>Ghristophorus</span> <span class='ocrx_word' id='word_1_150' title='bbox 1215 1687 1344 1723; x_wconf 78' lang='lat' dir='ltr'>ceperat</span> 
     </span>
     <span class='ocr_line' id='line_1_40' title="bbox 983 1732 1444 1771; baseline -0.002 -8"><span class='ocrx_word' id='word_1_151' title='bbox 983 1732 1066 1763; x_wconf 90' lang='lat' dir='ltr'>Dum</span> <span class='ocrx_word' id='word_1_152' title='bbox 1091 1734 1208 1763; x_wconf 85' lang='lat' dir='ltr'>statum</span> <span class='ocrx_word' id='word_1_153' title='bbox 1233 1732 1444 1771; x_wconf 83' lang='lat' dir='ltr'>paupertatis,</span> 
     </span>
     <span class='ocr_line' id='line_1_41' title="bbox 939 1779 1326 1812; baseline -0.003 -1"><span class='ocrx_word' id='word_1_154' title='bbox 939 1779 1083 1812; x_wconf 83' lang='lat' dir='ltr'>Christus</span> <span class='ocrx_word' id='word_1_155' title='bbox 1110 1788 1180 1810; x_wconf 86' lang='lat' dir='ltr'>eum</span> <span class='ocrx_word' id='word_1_156' title='bbox 1204 1780 1326 1811; x_wconf 85' lang='lat' dir='ltr'>nutriat</span> 
     </span>
     <span class='ocr_line' id='line_1_42' title="bbox 557 1826 1223 1860; baseline -0.005 0"><span class='ocrx_word' id='word_1_157' title='bbox 557 1855 563 1860; x_wconf 92' lang='lat'>.</span> <span class='ocrx_word' id='word_1_158' title='bbox 1053 1827 1064 1857; x_wconf 92' lang='lat' dir='ltr'>i</span> <span class='ocrx_word' id='word_1_159' title='bbox 1086 1835 1121 1857; x_wconf 89' lang='lat' dir='ltr'>se</span> <span class='ocrx_word' id='word_1_160' title='bbox 1145 1826 1223 1857; x_wconf 87' lang='lat' dir='ltr'>satis</span> 
     </span>
     <span class='ocr_line' id='line_1_43' title="bbox 323 1826 1335 1917; baseline 0 -32"><span class='ocrx_word' id='word_1_161' title='bbox 323 1854 383 1885; x_wconf 89' lang='lat' dir='ltr'>Ad</span> <span class='ocrx_word' id='word_1_162' title='bbox 410 1854 672 1886; x_wconf 77' lang='lat' dir='ltr'>Matutinum.</span> <span class='ocrx_word' id='word_1_163' title='bbox 939 1826 1088 1917; x_wconf 53' lang='lat' dir='ltr'>Qu?⁰[11)1,g¹</span> <span class='ocrx_word' id='word_1_164' title='bbox 1115 1883 1178 1905; x_wconf 76' lang='lat' dir='ltr'>non</span> <span class='ocrx_word' id='word_1_165' title='bbox 1205 1850 1335 1905; x_wconf 58' lang='lat' dir='ltr'>d&#39;eficiat</span> 
     </span>
     <span class='ocr_line' id='line_1_44' title="bbox 389 1920 1265 1960; baseline -0.003 -5"><span class='ocrx_word' id='word_1_166' title='bbox 389 1928 604 1955; x_wconf 82' lang='lat' dir='ltr'>Invitatorium.</span> <span class='ocrx_word' id='word_1_167' title='bbox 987 1920 1071 1952; x_wconf 83' lang='lat' dir='ltr'>Viris</span> <span class='ocrx_word' id='word_1_168' title='bbox 1096 1921 1265 1960; x_wconf 65' lang='lat' dir='ltr'>timoratis,</span> 
     </span>
     <span class='ocr_line' id='line_1_45' title="bbox 869 1967 1215 2000; baseline 0.006 -2"><span class='ocrx_word' id='word_1_169' title='bbox 869 1967 904 1999; x_wconf 92' lang='lat' dir='ltr'>V.</span> <span class='ocrx_word' id='word_1_170' title='bbox 937 1967 1040 1999; x_wconf 86' lang='lat' dir='ltr'>Solem</span> <span class='ocrx_word' id='word_1_171' title='bbox 1068 1968 1215 2000; x_wconf 87' lang='lat' dir='ltr'>dimidiat</span> 
     </span>
     <span class='ocr_line' id='line_1_46' title="bbox 986 2015 1404 2056; baseline 0 -10"><span class='ocrx_word' id='word_1_172' title='bbox 986 2016 1146 2054; x_wconf 82' lang='lat' dir='ltr'>perversis</span> <span class='ocrx_word' id='word_1_173' title='bbox 1171 2019 1266 2056; x_wconf 87' lang='lat' dir='ltr'>atque</span> <span class='ocrx_word' id='word_1_174' title='bbox 1291 2015 1404 2047; x_wconf 80' lang='lat' dir='ltr'>beatis.</span> 
     </span>
    </p>
   </div>
   <div class='ocr_carea' id='block_1_10' title="bbox 187 1513 892 1790">
    <p class='ocr_par' dir='ltr' id='par_1_12' title="bbox 187 1513 892 1790">
     <span class='ocr_line' id='line_1_47' title="bbox 187 1513 560 1553; baseline 0 -7"><span class='ocrx_word' id='word_1_175' title='bbox 187 1516 226 1547; x_wconf 88' lang='lat' dir='ltr'>A.</span> <span class='ocrx_word' id='word_1_176' title='bbox 256 1514 381 1553; x_wconf 72' lang='lat' dir='ltr'>Martyr</span> <span class='ocrx_word' id='word_1_177' title='bbox 405 1513 560 1546; x_wconf 83' lang='lat' dir='ltr'>stellifera</span> 
     </span>
     <span class='ocr_line' id='line_1_48' title="bbox 304 1561 892 1611; baseline 0.005 -19"><span class='ocrx_word' id='word_1_178' title='bbox 304 1561 445 1593; x_wconf 86' lang='lat' dir='ltr'>sublimis</span> <span class='ocrx_word' id='word_1_179' title='bbox 470 1565 583 1602; x_wconf 84' lang='lat' dir='ltr'>regnat</span> <span class='ocrx_word' id='word_1_180' title='bbox 603 1562 635 1593; x_wconf 87' lang='lat' dir='ltr'>in</span> <span class='ocrx_word' id='word_1_181' title='bbox 659 1571 742 1603; x_wconf 82' lang='lat' dir='ltr'>arce,</span> <span class='ocrx_word' id='word_1_182' title='bbox 866 1581 892 1611; x_wconf 82' lang='lat' dir='ltr'><strong>V</strong></span> 
     </span>
     <span class='ocr_line' id='line_1_49' title="bbox 257 1607 614 1649; baseline -0.003 -8"><span class='ocrx_word' id='word_1_183' title='bbox 257 1609 415 1648; x_wconf 79' lang='lat' dir='ltr'>spernens</span> <span class='ocrx_word' id='word_1_184' title='bbox 440 1607 614 1649; x_wconf 83' lang='lat' dir='ltr'>mortifera,</span> 
     </span>
     <span class='ocr_line' id='line_1_50' title="bbox 307 1656 773 1697; baseline 0.002 -10"><span class='ocrx_word' id='word_1_185' title='bbox 307 1656 380 1687; x_wconf 89' lang='lat' dir='ltr'>dum</span> <span class='ocrx_word' id='word_1_186' title='bbox 407 1656 511 1695; x_wconf 81' lang='lat' dir='ltr'>coepit</span> <span class='ocrx_word' id='word_1_187' title='bbox 535 1656 642 1688; x_wconf 88' lang='lat' dir='ltr'>vivere</span> <span class='ocrx_word' id='word_1_188' title='bbox 667 1666 773 1697; x_wconf 85' lang='lat' dir='ltr'>parce,</span> 
     </span>
     <span class='ocr_line' id='line_1_51' title="bbox 257 1702 544 1734; baseline 0 0"><span class='ocrx_word' id='word_1_189' title='bbox 257 1703 336 1734; x_wconf 88' lang='lat' dir='ltr'>Eius</span> <span class='ocrx_word' id='word_1_190' title='bbox 362 1706 428 1734; x_wconf 86' lang='lat' dir='ltr'>erat</span> <span class='ocrx_word' id='word_1_191' title='bbox 451 1702 544 1734; x_wconf 88' lang='lat' dir='ltr'>fortis</span> 
     </span>
     <span class='ocr_line' id='line_1_52' title="bbox 304 1750 733 1790; baseline 0.007 -10"><span class='ocrx_word' id='word_1_192' title='bbox 304 1750 464 1781; x_wconf 84' lang='lat' dir='ltr'>animosae</span> <span class='ocrx_word' id='word_1_193' title='bbox 487 1751 589 1790; x_wconf 87' lang='lat' dir='ltr'>gloria</span> <span class='ocrx_word' id='word_1_194' title='bbox 613 1752 733 1783; x_wconf 90' lang='lat' dir='ltr'>mortis.</span> 
     </span>
    </p>
   </div>
   <div class='ocr_carea' id='block_1_11' title="bbox 257 1985 1369 2172">
    <p class='ocr_par' dir='ltr' id='par_1_13' title="bbox 257 1985 1369 2172">
     <span class='ocr_line' id='line_1_53' title="bbox 259 1985 614 2025; baseline 0.003 -9"><span class='ocrx_word' id='word_1_195' title='bbox 259 1985 484 2025; x_wconf 80' lang='lat' dir='ltr'>Ghristophoro</span> <span class='ocrx_word' id='word_1_196' title='bbox 509 1986 614 2017; x_wconf 87' lang='lat' dir='ltr'>varias</span> 
     </span>
     <span class='ocr_line' id='line_1_54' title="bbox 305 2033 801 2066; baseline 0.004 -3"><span class='ocrx_word' id='word_1_197' title='bbox 305 2033 502 2064; x_wconf 89' lang='lat' dir='ltr'>modulemur</span> <span class='ocrx_word' id='word_1_198' title='bbox 528 2034 666 2065; x_wconf 87' lang='lat' dir='ltr'>carmine</span> <span class='ocrx_word' id='word_1_199' title='bbox 690 2034 801 2066; x_wconf 85' lang='lat' dir='ltr'>laudes</span> 
     </span>
     <span class='ocr_line' id='line_1_55' title="bbox 257 2080 581 2112; baseline 0.003 -1"><span class='ocrx_word' id='word_1_200' title='bbox 257 2080 300 2112; x_wconf 86' lang='lat' dir='ltr'>Et</span> <span class='ocrx_word' id='word_1_201' title='bbox 324 2083 448 2112; x_wconf 85' lang='lat' dir='ltr'>maneat</span> <span class='ocrx_word' id='word_1_202' title='bbox 473 2084 581 2112; x_wconf 88' lang='lat' dir='ltr'>nostro</span> 
     </span>
     <span class='ocr_line' id='line_1_56' title="bbox 302 2128 1369 2172; baseline 0.005 -14"><span class='ocrx_word' id='word_1_203' title='bbox 302 2136 426 2167; x_wconf 89' lang='lat' dir='ltr'>semper</span> <span class='ocrx_word' id='word_1_204' title='bbox 451 2128 664 2160; x_wconf 86' lang='lat' dir='ltr'>memorabilis</span> <span class='ocrx_word' id='word_1_205' title='bbox 690 2137 777 2161; x_wconf 81' lang='lat' dir='ltr'>aevo,</span> <span class='ocrx_word' id='word_1_206' title='bbox 991 2140 1036 2171; x_wconf 89' lang='lat' dir='ltr'>In</span> <span class='ocrx_word' id='word_1_207' title='bbox 1063 2141 1094 2172; x_wconf 77' lang='lat'>2,</span> <span class='ocrx_word' id='word_1_208' title='bbox 1123 2139 1369 2172; x_wconf 59' lang='lat' dir='ltr'><strong>Nocturnis„</strong></span> 
     </span>
    </p>
   </div>
   <div class='ocr_carea' id='block_1_12' title="bbox 320 2223 1275 2276">
    <p class='ocr_par' dir='ltr' id='par_1_14' title="bbox 320 2223 1275 2276">
     <span class='ocr_line' id='line_1_57' title="bbox 320 2223 1275 2276; baseline 0.001 -2"><span class='ocrx_word' id='word_1_209' title='bbox 320 2242 365 2274; x_wconf 87' lang='lat' dir='ltr'>In</span> <span class='ocrx_word' id='word_1_210' title='bbox 393 2242 423 2276; x_wconf 85' lang='lat'>1.</span> <span class='ocrx_word' id='word_1_211' title='bbox 449 2241 676 2275; x_wconf 79' lang='lat' dir='ltr'>Nocturno.</span> <span class='ocrx_word' id='word_1_212' title='bbox 1080 2223 1275 2261; x_wconf 75' lang='lat' dir='ltr'>Antiphonae.</span> 
     </span>
    </p>
   </div>
   <div class='ocr_carea' id='block_1_13' title="bbox 199 2280 1451 2469">
    <p class='ocr_par' dir='ltr' id='par_1_15' title="bbox 199 2280 1451 2469">
     <span class='ocr_line' id='line_1_58' title="bbox 469 2280 1268 2323; baseline 0.01 -15"><span class='ocrx_word' id='word_1_213' title='bbox 469 2318 475 2323; x_wconf 36' lang='grc' dir='ltr'>ι</span> <span class='ocrx_word' id='word_1_214' title='bbox 881 2282 911 2313; x_wconf 92' lang='grc'>1.</span> <span class='ocrx_word' id='word_1_215' title='bbox 940 2280 1161 2323; x_wconf 81' lang='lat' dir='ltr'>Ghristophori</span> <span class='ocrx_word' id='word_1_216' title='bbox 1186 2284 1268 2316; x_wconf 85' lang='lat' dir='ltr'>mira</span> 
     </span>
     <span class='ocr_line' id='line_1_59' title="bbox 407 2316 1411 2368; baseline 0.008 -13"><span class='ocrx_word' id='word_1_217' title='bbox 407 2316 604 2353; x_wconf 64' lang='lat' dir='ltr'>Antiphonae.</span> <span class='ocrx_word' id='word_1_218' title='bbox 985 2338 1082 2368; x_wconf 85' lang='lat' dir='ltr'>prece</span> <span class='ocrx_word' id='word_1_219' title='bbox 1106 2331 1197 2363; x_wconf 88' lang='lat' dir='ltr'>nobis</span> <span class='ocrx_word' id='word_1_220' title='bbox 1220 2331 1336 2364; x_wconf 90' lang='lat' dir='ltr'>iudicis</span> <span class='ocrx_word' id='word_1_221' title='bbox 1362 2332 1411 2364; x_wconf 87' lang='lat' dir='ltr'>ira</span> 
     </span>
     <span class='ocr_line' id='line_1_60' title="bbox 199 2373 1271 2424; baseline 0.007 -19"><span class='ocrx_word' id='word_1_222' title='bbox 199 2373 228 2406; x_wconf 84' lang='lat'>1.</span> <span class='ocrx_word' id='word_1_223' title='bbox 251 2374 321 2406; x_wconf 91' lang='lat' dir='ltr'>Suis</span> <span class='ocrx_word' id='word_1_224' title='bbox 347 2374 379 2405; x_wconf 89' lang='lat' dir='ltr'>in</span> <span class='ocrx_word' id='word_1_225' title='bbox 405 2376 600 2415; x_wconf 82' lang='lat' dir='ltr'>temporibus</span> <span class='ocrx_word' id='word_1_226' title='bbox 660 2381 666 2387; x_wconf 73' lang='lat'>²</span> <span class='ocrx_word' id='word_1_227' title='bbox 937 2376 1045 2411; x_wconf 78' lang='lat' dir='ltr'>Effera</span> <span class='ocrx_word' id='word_1_228' title='bbox 1068 2380 1271 2424; x_wconf 76' lang='lat' dir='ltr'>mansuescit,</span> 
     </span>
     <span class='ocr_line' id='line_1_61' title="bbox 304 2420 1451 2469; baseline 0.005 -15"><span class='ocrx_word' id='word_1_229' title='bbox 304 2420 525 2462; x_wconf 88' lang='lat' dir='ltr'>Ghristophori</span> <span class='ocrx_word' id='word_1_230' title='bbox 550 2424 615 2456; x_wconf 85' lang='lat' dir='ltr'>vita</span> <span class='ocrx_word' id='word_1_231' title='bbox 985 2428 1018 2456; x_wconf 79' lang='lat' dir='ltr'>et</span> <span class='ocrx_word' id='word_1_232' title='bbox 1041 2427 1170 2467; x_wconf 84' lang='lat' dir='ltr'>perdita</span> <span class='ocrx_word' id='word_1_233' title='bbox 1195 2429 1298 2469; x_wconf 82' lang='lat' dir='ltr'>gratia</span> <span class='ocrx_word' id='word_1_234' title='bbox 1324 2428 1451 2461; x_wconf 74' lang='lat' dir='ltr'>crescit.</span> 
     </span>
    </p>
   </div>
  </div>
 </body>
</html>
