<?xml version="1.0" encoding="UTF-8"?>
<!DOCTYPE html PUBLIC "-//W3C//DTD XHTML 1.0 Transitional//EN"
    "http://www.w3.org/TR/xhtml1/DTD/xhtml1-transitional.dtd">
<html xmlns="http://www.w3.org/1999/xhtml" xml:lang="en" lang="en">
 <head>
  <title>
</title>
<meta http-equiv="Content-Type" content="text/html;charset=utf-8" />
  <meta name='ocr-system' content='tesseract 3.04.00' />
  <meta name='ocr-capabilities' content='ocr_page ocr_carea ocr_par ocr_line ocrx_word'/>
</head>
<body>
  <div class='ocr_page' id='page_1' title='image "./analectahymnica25drevuoft_00239.png"; bbox 0 0 1653 2567; ppageno 0'>
   <div class='ocr_carea' id='block_1_1' title="bbox 649 118 903 153">
    <p class='ocr_par' dir='ltr' id='par_1_1' title="bbox 649 118 903 153">
     <span class='ocr_line' id='line_1_1' title="bbox 649 118 903 153; baseline 0.008 -1"><span class='ocrx_word' id='word_1_1' title='bbox 649 139 692 144; x_wconf 79' lang='lat'>——-</span> <span class='ocrx_word' id='word_1_2' title='bbox 742 118 810 153; x_wconf 86' lang='lat'>236</span> <span class='ocrx_word' id='word_1_3' title='bbox 860 136 903 141; x_wconf 87' lang='lat'>-—</span> 
     </span>
    </p>
   </div>
   <div class='ocr_carea' id='block_1_2' title="bbox 131 210 1431 325">
    <p class='ocr_par' dir='ltr' id='par_1_2' title="bbox 131 210 1431 325">
     <span class='ocr_line' id='line_1_2' title="bbox 204 210 1431 249; baseline -0.002 -8"><span class='ocrx_word' id='word_1_4' title='bbox 204 213 288 241; x_wconf 68' lang='lat' dir='ltr'>Brcv-</span> <span class='ocrx_word' id='word_1_5' title='bbox 313 213 468 242; x_wconf 82' lang='lat' dir='ltr'>Arosiense</span> <span class='ocrx_word' id='word_1_6' title='bbox 494 214 564 249; x_wconf 85' lang='lat' dir='ltr'>imp.</span> <span class='ocrx_word' id='word_1_7' title='bbox 590 213 725 241; x_wconf 80' lang='lat' dir='ltr'>Basileae</span> <span class='ocrx_word' id='word_1_8' title='bbox 754 210 833 241; x_wconf 81' lang='lat'>1513.</span> <span class='ocrx_word' id='word_1_9' title='bbox 855 227 892 231; x_wconf 91' lang='lat'><strong>—</strong></span> <span class='ocrx_word' id='word_1_10' title='bbox 922 212 964 240; x_wconf 87' lang='lat' dir='ltr'>In</span> <span class='ocrx_word' id='word_1_11' title='bbox 985 211 1009 240; x_wconf 93' lang='grc'>1.</span> <span class='ocrx_word' id='word_1_12' title='bbox 1029 212 1118 249; x_wconf 79' lang='lat' dir='ltr'>Vesp.</span> <span class='ocrx_word' id='word_1_13' title='bbox 1139 213 1290 249; x_wconf 76' lang='lat' dir='ltr'>Hymnus:</span> <span class='ocrx_word' id='word_1_14' title='bbox 1318 211 1431 245; x_wconf 82' lang='lat' dir='ltr'>Gaude,</span> 
     </span>
     <span class='ocr_line' id='line_1_3' title="bbox 132 248 1430 288; baseline -0.001 -10"><span class='ocrx_word' id='word_1_15' title='bbox 132 251 237 279; x_wconf 83' lang='lat' dir='ltr'>devota</span> <span class='ocrx_word' id='word_1_16' title='bbox 256 252 363 280; x_wconf 79' lang='lat' dir='ltr'>Suecia</span> <span class='ocrx_word' id='word_1_17' title='bbox 374 251 550 288; x_wconf 73' lang='lat' dir='ltr'>(Klemming</span> <span class='ocrx_word' id='word_1_18' title='bbox 568 251 592 284; x_wconf 90' lang='lat'>1,</span> <span class='ocrx_word' id='word_1_19' title='bbox 613 249 673 286; x_wconf 77' lang='lat'>78);</span> <span class='ocrx_word' id='word_1_20' title='bbox 697 251 734 278; x_wconf 86' lang='lat' dir='ltr'>ad</span> <span class='ocrx_word' id='word_1_21' title='bbox 747 252 833 279; x_wconf 77' lang='lat' dir='ltr'>Noct:</span> <span class='ocrx_word' id='word_1_22' title='bbox 855 252 950 278; x_wconf 81' lang='lat' dir='ltr'>Tener</span> <span class='ocrx_word' id='word_1_23' title='bbox 969 250 1044 288; x_wconf 83' lang='lat' dir='ltr'>ligni</span> <span class='ocrx_word' id='word_1_24' title='bbox 1064 251 1241 279; x_wconf 81' lang='lat' dir='ltr'><strong>vermiculus</strong></span> <span class='ocrx_word' id='word_1_25' title='bbox 1262 250 1344 286; x_wconf 84' lang='lat' dir='ltr'>(ibid.</span> <span class='ocrx_word' id='word_1_26' title='bbox 1364 248 1430 285; x_wconf 79' lang='lat'>79);</span> 
     </span>
     <span class='ocr_line' id='line_1_4' title="bbox 131 286 937 325; baseline -0.001 -10"><span class='ocrx_word' id='word_1_27' title='bbox 131 289 168 316; x_wconf 84' lang='lat' dir='ltr'>ad</span> <span class='ocrx_word' id='word_1_28' title='bbox 186 289 315 317; x_wconf 83' lang='lat' dir='ltr'>Laudes:</span> <span class='ocrx_word' id='word_1_29' title='bbox 336 289 472 317; x_wconf 81' lang='lat' dir='ltr'>Exsultet</span> <span class='ocrx_word' id='word_1_30' title='bbox 491 290 602 317; x_wconf 81' lang='lat' dir='ltr'>eaelum</span> <span class='ocrx_word' id='word_1_31' title='bbox 621 288 758 317; x_wconf 82' lang='lat' dir='ltr'>laudibus</span> <span class='ocrx_word' id='word_1_32' title='bbox 779 286 861 325; x_wconf 83' lang='lat' dir='ltr'>(ibid.</span> <span class='ocrx_word' id='word_1_33' title='bbox 883 286 937 324; x_wconf 87' lang='lat'>86).</span> 
     </span>
    </p>
   </div>
   <div class='ocr_carea' id='block_1_3' title="bbox 476 380 1099 421">
    <p class='ocr_par' dir='ltr' id='par_1_3' title="bbox 476 380 1099 421">
     <span class='ocr_line' id='line_1_5' title="bbox 476 380 1099 421; baseline -0.003 -8"><span class='ocrx_word' id='word_1_34' title='bbox 476 382 523 413; x_wconf 88' lang='grc'>84.</span> <span class='ocrx_word' id='word_1_35' title='bbox 550 382 590 413; x_wconf 83' lang='lat' dir='ltr'>De</span> <span class='ocrx_word' id='word_1_36' title='bbox 611 389 650 412; x_wconf 86' lang='lat' dir='ltr'>ss.</span> <span class='ocrx_word' id='word_1_37' title='bbox 672 380 831 413; x_wconf 84' lang='lat' dir='ltr'>Desiderio</span> <span class='ocrx_word' id='word_1_38' title='bbox 855 382 886 412; x_wconf 86' lang='lat' dir='ltr'>et</span> <span class='ocrx_word' id='word_1_39' title='bbox 906 381 1099 421; x_wconf 86' lang='lat' dir='ltr'>Reginfrido.</span> 
     </span>
    </p>
   </div>
   <div class='ocr_carea' id='block_1_4' title="bbox 272 451 610 491">
    <p class='ocr_par' dir='ltr' id='par_1_4' title="bbox 272 451 610 491">
     <span class='ocr_line' id='line_1_6' title="bbox 272 451 610 491; baseline -0.006 -6"><span class='ocrx_word' id='word_1_40' title='bbox 272 453 317 485; x_wconf 89' lang='lat' dir='ltr'>In</span> <span class='ocrx_word' id='word_1_41' title='bbox 345 453 375 485; x_wconf 89' lang='lat'>1.</span> <span class='ocrx_word' id='word_1_42' title='bbox 402 451 610 491; x_wconf 66' lang='lat' dir='ltr'>vesperis„</span> 
     </span>
    </p>
   </div>
   <div class='ocr_carea' id='block_1_5' title="bbox 314 525 570 562">
    <p class='ocr_par' dir='ltr' id='par_1_5' title="bbox 314 525 570 562">
     <span class='ocr_line' id='line_1_7' title="bbox 314 525 570 562; baseline 0 -9"><span class='ocrx_word' id='word_1_43' title='bbox 314 525 407 562; x_wconf 86' lang='lat' dir='ltr'>Super</span> <span class='ocrx_word' id='word_1_44' title='bbox 426 526 570 554; x_wconf 45' lang='lat' dir='ltr'>Psalmos‘</span> 
     </span>
    </p>
   </div>
   <div class='ocr_carea' id='block_1_6' title="bbox 132 583 651 616">
    <p class='ocr_par' dir='ltr' id='par_1_6' title="bbox 132 583 651 616">
     <span class='ocr_line' id='line_1_8' title="bbox 132 583 651 616; baseline 0.002 -2"><span class='ocrx_word' id='word_1_45' title='bbox 132 584 172 615; x_wconf 89' lang='lat' dir='ltr'>A.</span> <span class='ocrx_word' id='word_1_46' title='bbox 201 583 253 614; x_wconf 85' lang='lat' dir='ltr'>Ad</span> <span class='ocrx_word' id='word_1_47' title='bbox 278 586 457 615; x_wconf 82' lang='lat' dir='ltr'>sanctorum</span> <span class='ocrx_word' id='word_1_48' title='bbox 483 584 651 616; x_wconf 76' lang='lat' dir='ltr'>sollemnia</span> 
     </span>
    </p>
   </div>
   <div class='ocr_carea' id='block_1_7' title="bbox 204 630 623 764">
    <p class='ocr_par' dir='ltr' id='par_1_7' title="bbox 204 630 623 764">
     <span class='ocr_line' id='line_1_9' title="bbox 250 630 623 670; baseline 0 -8"><span class='ocrx_word' id='word_1_49' title='bbox 250 630 364 662; x_wconf 80' lang='lat' dir='ltr'>Currat</span> <span class='ocrx_word' id='word_1_50' title='bbox 387 630 480 670; x_wconf 83' lang='lat' dir='ltr'>plebs</span> <span class='ocrx_word' id='word_1_51' title='bbox 507 632 623 664; x_wconf 76' lang='lat' dir='ltr'>devota</span> 
     </span>
     <span class='ocr_line' id='line_1_10' title="bbox 204 676 543 717; baseline 0.006 -9"><span class='ocrx_word' id='word_1_52' title='bbox 204 676 268 708; x_wconf 89' lang='lat' dir='ltr'>Deo</span> <span class='ocrx_word' id='word_1_53' title='bbox 293 678 413 717; x_wconf 86' lang='lat' dir='ltr'>regenti</span> <span class='ocrx_word' id='word_1_54' title='bbox 439 678 543 710; x_wconf 87' lang='lat' dir='ltr'>omnia</span> 
     </span>
     <span class='ocr_line' id='line_1_11' title="bbox 248 724 564 764; baseline 0.003 -8"><span class='ocrx_word' id='word_1_55' title='bbox 248 724 378 756; x_wconf 84' lang='lat' dir='ltr'>Solvens</span> <span class='ocrx_word' id='word_1_56' title='bbox 404 725 458 764; x_wconf 81' lang='lat' dir='ltr'>pia</span> <span class='ocrx_word' id='word_1_57' title='bbox 483 728 564 760; x_wconf 85' lang='lat' dir='ltr'>vota,</span> 
     </span>
    </p>
   </div>
   <div class='ocr_carea' id='block_1_8' title="bbox 130 779 750 822">
    <p class='ocr_par' dir='ltr' id='par_1_8' title="bbox 130 779 750 822">
     <span class='ocr_line' id='line_1_12' title="bbox 130 779 750 822; baseline 0.002 -10"><span class='ocrx_word' id='word_1_58' title='bbox 130 780 167 814; x_wconf 88' lang='lat' dir='ltr'>R.</span> <span class='ocrx_word' id='word_1_59' title='bbox 196 780 317 812; x_wconf 84' lang='lat' dir='ltr'>Assunt</span> <span class='ocrx_word' id='word_1_60' title='bbox 340 779 423 813; x_wconf 85' lang='lat' dir='ltr'>festa</span> <span class='ocrx_word' id='word_1_61' title='bbox 439 782 500 813; x_wconf 83' lang='lat' dir='ltr'>iam</span> <span class='ocrx_word' id='word_1_62' title='bbox 520 781 639 813; x_wconf 86' lang='lat' dir='ltr'>cunctis</span> <span class='ocrx_word' id='word_1_63' title='bbox 659 784 750 822; x_wconf 85' lang='lat' dir='ltr'>grata</span> 
     </span>
    </p>
   </div>
   <div class='ocr_carea' id='block_1_9' title="bbox 200 828 687 1059">
    <p class='ocr_par' dir='ltr' id='par_1_9' title="bbox 200 828 687 1059">
     <span class='ocr_line' id='line_1_13' title="bbox 247 828 542 860; baseline 0 0"><span class='ocrx_word' id='word_1_64' title='bbox 247 828 356 860; x_wconf 85' lang='lat' dir='ltr'>Sancti</span> <span class='ocrx_word' id='word_1_65' title='bbox 379 828 542 860; x_wconf 84' lang='lat' dir='ltr'>Desiderii</span> 
     </span>
     <span class='ocr_line' id='line_1_14' title="bbox 200 873 609 919; baseline 0.002 -13"><span class='ocrx_word' id='word_1_66' title='bbox 200 873 278 906; x_wconf 87' lang='lat' dir='ltr'>Eius</span> <span class='ocrx_word' id='word_1_67' title='bbox 302 874 420 914; x_wconf 87' lang='lat' dir='ltr'>fidique</span> <span class='ocrx_word' id='word_1_68' title='bbox 446 875 609 919; x_wconf 80' lang='lat' dir='ltr'>consortiS‚</span> 
     </span>
     <span class='ocr_line' id='line_1_15' title="bbox 201 920 609 965; baseline 0 -11"><span class='ocrx_word' id='word_1_69' title='bbox 201 920 393 961; x_wconf 84' lang='lat' dir='ltr'>Reginfridi,</span> <span class='ocrx_word' id='word_1_70' title='bbox 421 923 480 955; x_wconf 89' lang='lat' dir='ltr'>viri</span> <span class='ocrx_word' id='word_1_71' title='bbox 506 921 609 965; x_wconf 59' lang='lat' dir='ltr'>form,</span> 
     </span>
     <span class='ocr_line' id='line_1_16' title="bbox 202 967 687 1009; baseline 0.002 -10"><span class='ocrx_word' id='word_1_72' title='bbox 202 967 338 1006; x_wconf 74' lang='lat' dir='ltr'>Quorum</span> <span class='ocrx_word' id='word_1_73' title='bbox 362 978 447 1001; x_wconf 87' lang='lat' dir='ltr'>mors</span> <span class='ocrx_word' id='word_1_74' title='bbox 473 972 521 1001; x_wconf 77' lang='lat' dir='ltr'>est</span> <span class='ocrx_word' id='word_1_75' title='bbox 544 970 687 1009; x_wconf 85' lang='lat' dir='ltr'>pretiosa</span> 
     </span>
     <span class='ocr_line' id='line_1_17' title="bbox 245 1015 647 1059; baseline 0.005 -13"><span class='ocrx_word' id='word_1_76' title='bbox 245 1015 283 1046; x_wconf 89' lang='lat' dir='ltr'>In</span> <span class='ocrx_word' id='word_1_77' title='bbox 307 1020 477 1055; x_wconf 86' lang='lat' dir='ltr'>conspectu</span> <span class='ocrx_word' id='word_1_78' title='bbox 501 1016 647 1059; x_wconf 85' lang='lat' dir='ltr'>Domini;</span> 
     </span>
    </p>
   </div>
   <div class='ocr_carea' id='block_1_10' title="bbox 134 1062 625 1102">
    <p class='ocr_par' dir='ltr' id='par_1_10' title="bbox 134 1062 625 1102">
     <span class='ocr_line' id='line_1_18' title="bbox 134 1062 625 1102; baseline 0.002 -9"><span class='ocrx_word' id='word_1_79' title='bbox 134 1062 172 1095; x_wconf 92' lang='lat' dir='ltr'>V.</span> <span class='ocrx_word' id='word_1_80' title='bbox 204 1062 339 1101; x_wconf 77' lang='lat' dir='ltr'>Quorum</span> <span class='ocrx_word' id='word_1_81' title='bbox 367 1063 420 1102; x_wconf 81' lang='lat' dir='ltr'>pio</span> <span class='ocrx_word' id='word_1_82' title='bbox 445 1063 625 1096; x_wconf 83' lang='lat' dir='ltr'>interventu</span> 
     </span>
    </p>
   </div>
   <div class='ocr_carea' id='block_1_11' title="bbox 197 1108 631 1237">
    <p class='ocr_par' dir='ltr' id='par_1_11' title="bbox 197 1108 631 1237">
     <span class='ocr_line' id='line_1_19' title="bbox 200 1108 584 1143; baseline 0.005 -3"><span class='ocrx_word' id='word_1_83' title='bbox 200 1108 375 1141; x_wconf 87' lang='lat' dir='ltr'>Exoramus</span> <span class='ocrx_word' id='word_1_84' title='bbox 399 1113 431 1142; x_wconf 86' lang='lat' dir='ltr'>et</span> <span class='ocrx_word' id='word_1_85' title='bbox 455 1110 584 1143; x_wconf 86' lang='lat' dir='ltr'>obtentu</span> 
     </span>
     <span class='ocr_line' id='line_1_20' title="bbox 197 1155 631 1197; baseline 0.007 -11"><span class='ocrx_word' id='word_1_86' title='bbox 197 1155 278 1187; x_wconf 81' lang='lat' dir='ltr'>Vota</span> <span class='ocrx_word' id='word_1_87' title='bbox 302 1159 411 1189; x_wconf 82' lang='lat' dir='ltr'>nostra</span> <span class='ocrx_word' id='word_1_88' title='bbox 434 1157 631 1197; x_wconf 82' lang='lat' dir='ltr'>praesentari</span> 
     </span>
     <span class='ocr_line' id='line_1_21' title="bbox 200 1202 629 1237; baseline 0.005 -4"><span class='ocrx_word' id='word_1_89' title='bbox 200 1202 245 1234; x_wconf 80' lang='lat' dir='ltr'>Et</span> <span class='ocrx_word' id='word_1_90' title='bbox 271 1204 383 1236; x_wconf 80' lang='lat' dir='ltr'>devote</span> <span class='ocrx_word' id='word_1_91' title='bbox 409 1205 629 1237; x_wconf 83' lang='lat' dir='ltr'>commendari.</span> 
     </span>
    </p>
   </div>
   <div class='ocr_carea' id='block_1_12' title="bbox 317 1296 560 1334">
    <p class='ocr_par' dir='ltr' id='par_1_12' title="bbox 317 1296 560 1334">
     <span class='ocr_line' id='line_1_22' title="bbox 317 1296 560 1334; baseline 0 -10"><span class='ocrx_word' id='word_1_92' title='bbox 317 1296 363 1324; x_wconf 82' lang='lat' dir='ltr'>Ad</span> <span class='ocrx_word' id='word_1_93' title='bbox 381 1297 560 1334; x_wconf 79' lang='lat' dir='ltr'>Magnificat.</span> 
     </span>
    </p>
   </div>
   <div class='ocr_carea' id='block_1_13' title="bbox 131 1353 702 1396">
    <p class='ocr_par' dir='ltr' id='par_1_13' title="bbox 131 1353 702 1396">
     <span class='ocr_line' id='line_1_23' title="bbox 131 1353 702 1396; baseline 0.009 -12"><span class='ocrx_word' id='word_1_94' title='bbox 131 1354 171 1386; x_wconf 89' lang='lat' dir='ltr'>A.</span> <span class='ocrx_word' id='word_1_95' title='bbox 206 1353 339 1396; x_wconf 84' lang='lat' dir='ltr'>Christe,</span> <span class='ocrx_word' id='word_1_96' title='bbox 367 1357 496 1393; x_wconf 84' lang='lat' dir='ltr'>praesta</span> <span class='ocrx_word' id='word_1_97' title='bbox 522 1355 702 1389; x_wconf 86' lang='lat' dir='ltr'>desiderata</span> 
     </span>
    </p>
   </div>
   <div class='ocr_carea' id='block_1_14' title="bbox 201 1401 656 1623">
    <p class='ocr_par' dir='ltr' id='par_1_14' title="bbox 201 1401 656 1576">
     <span class='ocr_line' id='line_1_24' title="bbox 248 1401 618 1443; baseline 0.003 -11"><span class='ocrx_word' id='word_1_98' title='bbox 248 1401 451 1434; x_wconf 79' lang='lat' dir='ltr'>Sacramenta</span> <span class='ocrx_word' id='word_1_99' title='bbox 474 1403 618 1443; x_wconf 84' lang='lat' dir='ltr'>mysterii</span> 
     </span>
     <span class='ocr_line' id='line_1_25' title="bbox 201 1447 638 1482; baseline 0.002 -3"><span class='ocrx_word' id='word_1_100' title='bbox 201 1447 273 1479; x_wconf 75' lang='lat' dir='ltr'>Non</span> <span class='ocrx_word' id='word_1_101' title='bbox 300 1447 404 1480; x_wconf 85' lang='lat' dir='ltr'>diffidi</span> <span class='ocrx_word' id='word_1_102' title='bbox 427 1450 507 1481; x_wconf 83' lang='lat' dir='ltr'>hora</span> <span class='ocrx_word' id='word_1_103' title='bbox 528 1450 638 1482; x_wconf 81' lang='lat' dir='ltr'>mortis</span> 
     </span>
     <span class='ocr_line' id='line_1_26' title="bbox 203 1493 656 1540; baseline 0.007 -15"><span class='ocrx_word' id='word_1_104' title='bbox 203 1493 270 1526; x_wconf 81' lang='lat' dir='ltr'>Neo</span> <span class='ocrx_word' id='word_1_105' title='bbox 293 1496 414 1527; x_wconf 85' lang='lat' dir='ltr'>succidi</span> <span class='ocrx_word' id='word_1_106' title='bbox 440 1496 523 1529; x_wconf 85' lang='lat' dir='ltr'>vitae</span> <span class='ocrx_word' id='word_1_107' title='bbox 546 1498 656 1540; x_wconf 86' lang='lat' dir='ltr'>portis,</span> 
     </span>
     <span class='ocr_line' id='line_1_27' title="bbox 203 1540 624 1576; baseline 0.007 -4"><span class='ocrx_word' id='word_1_108' title='bbox 203 1540 251 1573; x_wconf 85' lang='lat' dir='ltr'>Nc</span> <span class='ocrx_word' id='word_1_109' title='bbox 275 1551 359 1574; x_wconf 87' lang='lat' dir='ltr'>mors</span> <span class='ocrx_word' id='word_1_110' title='bbox 381 1547 491 1575; x_wconf 86' lang='lat' dir='ltr'>nostra</span> <span class='ocrx_word' id='word_1_111' title='bbox 514 1545 624 1576; x_wconf 87' lang='lat' dir='ltr'>odiosa</span> 
     </span>
    </p>

    <p class='ocr_par' dir='ltr' id='par_1_15' title="bbox 251 1588 555 1623">
     <span class='ocr_line' id='line_1_28' title="bbox 251 1588 555 1623; baseline 0.01 -3"><span class='ocrx_word' id='word_1_112' title='bbox 251 1588 325 1621; x_wconf 79' lang='lat' dir='ltr'>Fiat</span> <span class='ocrx_word' id='word_1_113' title='bbox 348 1592 401 1622; x_wconf 88' lang='lat' dir='ltr'>tuo</span> <span class='ocrx_word' id='word_1_114' title='bbox 426 1591 555 1623; x_wconf 87' lang='lat' dir='ltr'>nomini.</span> 
     </span>
    </p>
   </div>
   <div class='ocr_carea' id='block_1_15' title="bbox 268 1712 617 1748">
    <p class='ocr_par' dir='ltr' id='par_1_16' title="bbox 268 1712 617 1748">
     <span class='ocr_line' id='line_1_29' title="bbox 268 1712 617 1748; baseline 0.014 -5"><span class='ocrx_word' id='word_1_115' title='bbox 268 1713 327 1744; x_wconf 90' lang='lat' dir='ltr'>Ad</span> <span class='ocrx_word' id='word_1_116' title='bbox 353 1712 617 1748; x_wconf 82' lang='lat' dir='ltr'>Matutinum.</span> 
     </span>
    </p>
   </div>
   <div class='ocr_carea' id='block_1_16' title="bbox 334 1786 546 1814">
    <p class='ocr_par' dir='ltr' id='par_1_17' title="bbox 334 1786 546 1814">
     <span class='ocr_line' id='line_1_30' title="bbox 334 1786 546 1814; baseline 0.005 -1"><span class='ocrx_word' id='word_1_117' title='bbox 334 1786 546 1814; x_wconf 77' lang='lat' dir='ltr'>Invitatorium.</span> 
     </span>
    </p>
   </div>
   <div class='ocr_carea' id='block_1_17' title="bbox 203 1841 735 2024">
    <p class='ocr_par' dir='ltr' id='par_1_18' title="bbox 210 1841 497 1883">
     <span class='ocr_line' id='line_1_31' title="bbox 210 1841 497 1883; baseline 0.003 -8"><span class='ocrx_word' id='word_1_118' title='bbox 210 1841 335 1883; x_wconf 83' lang='lat' dir='ltr'>Surgite</span> <span class='ocrx_word' id='word_1_119' title='bbox 361 1844 497 1876; x_wconf 79' lang='lat' dir='ltr'>sollicite</span> 
     </span>
    </p>

    <p class='ocr_par' dir='ltr' id='par_1_19' title="bbox 203 1891 671 1977">
     <span class='ocr_line' id='line_1_32' title="bbox 253 1891 671 1937; baseline 0.017 -16"><span class='ocrx_word' id='word_1_120' title='bbox 253 1891 413 1930; x_wconf 86' lang='lat' dir='ltr'>cupientes</span> <span class='ocrx_word' id='word_1_121' title='bbox 438 1893 554 1932; x_wconf 84' lang='lat' dir='ltr'>gaudia</span> <span class='ocrx_word' id='word_1_122' title='bbox 578 1895 671 1937; x_wconf 84' lang='lat' dir='ltr'>vitae,</span> 
     </span>
     <span class='ocr_line' id='line_1_33' title="bbox 203 1937 522 1977; baseline 0.006 -9"><span class='ocrx_word' id='word_1_123' title='bbox 203 1937 404 1977; x_wconf 75' lang='lat' dir='ltr'>Martyribus</span> <span class='ocrx_word' id='word_1_124' title='bbox 428 1939 522 1971; x_wconf 86' lang='lat' dir='ltr'>solite</span> 
     </span>
    </p>

    <p class='ocr_par' dir='ltr' id='par_1_20' title="bbox 250 1985 735 2024">
     <span class='ocr_line' id='line_1_34' title="bbox 250 1985 735 2024; baseline 0.01 -8"><span class='ocrx_word' id='word_1_125' title='bbox 250 1986 403 2024; x_wconf 87' lang='lat' dir='ltr'>psalmum</span> <span class='ocrx_word' id='word_1_126' title='bbox 428 1985 592 2020; x_wconf 89' lang='lat' dir='ltr'>iubilando</span> <span class='ocrx_word' id='word_1_127' title='bbox 618 1990 735 2022; x_wconf 85' lang='lat' dir='ltr'>venite.</span> 
     </span>
    </p>
   </div>
   <div class='ocr_carea' id='block_1_18' title="bbox 263 2108 621 2146">
    <p class='ocr_par' dir='ltr' id='par_1_21' title="bbox 263 2108 621 2146">
     <span class='ocr_line' id='line_1_35' title="bbox 263 2108 621 2146; baseline 0.008 -6"><span class='ocrx_word' id='word_1_128' title='bbox 263 2108 308 2140; x_wconf 88' lang='lat' dir='ltr'>In</span> <span class='ocrx_word' id='word_1_129' title='bbox 335 2109 366 2142; x_wconf 91' lang='lat'>1.</span> <span class='ocrx_word' id='word_1_130' title='bbox 393 2109 621 2146; x_wconf 85' lang='lat' dir='ltr'>Nocturno.</span> 
     </span>
    </p>
   </div>
   <div class='ocr_carea' id='block_1_19' title="bbox 344 2184 539 2220">
    <p class='ocr_par' dir='ltr' id='par_1_22' title="bbox 344 2184 539 2220">
     <span class='ocr_line' id='line_1_36' title="bbox 344 2184 539 2220; baseline 0.015 -10"><span class='ocrx_word' id='word_1_131' title='bbox 344 2184 539 2220; x_wconf 79' lang='lat' dir='ltr'>Antiphonae.</span> 
     </span>
    </p>
   </div>
   <div class='ocr_carea' id='block_1_20' title="bbox 169 2240 557 2426">
    <p class='ocr_par' dir='ltr' id='par_1_23' title="bbox 169 2240 557 2426">
     <span class='ocr_line' id='line_1_37' title="bbox 169 2240 530 2275; baseline 0.003 -1"><span class='ocrx_word' id='word_1_132' title='bbox 169 2267 176 2274; x_wconf 96' lang='lat'>.</span> <span class='ocrx_word' id='word_1_133' title='bbox 202 2240 319 2275; x_wconf 82' lang='lat' dir='ltr'>Beatus</span> <span class='ocrx_word' id='word_1_134' title='bbox 344 2242 530 2275; x_wconf 85' lang='lat' dir='ltr'>Desiderius</span> 
     </span>
     <span class='ocr_line' id='line_1_38' title="bbox 202 2290 509 2323; baseline 0.003 -2"><span class='ocrx_word' id='word_1_135' title='bbox 202 2290 291 2321; x_wconf 89' lang='lat' dir='ltr'>Intus</span> <span class='ocrx_word' id='word_1_136' title='bbox 317 2292 348 2321; x_wconf 91' lang='lat' dir='ltr'>et</span> <span class='ocrx_word' id='word_1_137' title='bbox 373 2290 509 2323; x_wconf 82' lang='lat' dir='ltr'>exterius</span> 
     </span>
     <span class='ocr_line' id='line_1_39' title="bbox 203 2336 557 2370; baseline 0.003 -1"><span class='ocrx_word' id='word_1_138' title='bbox 203 2337 309 2369; x_wconf 89' lang='lat' dir='ltr'>Armis</span> <span class='ocrx_word' id='word_1_139' title='bbox 336 2337 456 2370; x_wconf 84' lang='lat' dir='ltr'>cinctus</span> <span class='ocrx_word' id='word_1_140' title='bbox 481 2336 557 2370; x_wconf 91' lang='lat' dir='ltr'>fidei</span> 
     </span>
     <span class='ocr_line' id='line_1_40' title="bbox 205 2383 515 2426; baseline 0 -8"><span class='ocrx_word' id='word_1_141' title='bbox 205 2383 355 2418; x_wconf 80' lang='lat' dir='ltr'>Caritatis</span> <span class='ocrx_word' id='word_1_142' title='bbox 381 2388 413 2416; x_wconf 84' lang='lat' dir='ltr'>et</span> <span class='ocrx_word' id='word_1_143' title='bbox 437 2386 515 2426; x_wconf 85' lang='lat' dir='ltr'>spei.</span> 
     </span>
    </p>
   </div>
   <div class='ocr_carea' id='block_1_21' title="bbox 823 453 854 485">
    <p class='ocr_par' dir='ltr' id='par_1_24' title="bbox 823 453 854 485">
     <span class='ocr_line' id='line_1_41' title="bbox 823 453 854 485; baseline 0 0"><span class='ocrx_word' id='word_1_144' title='bbox 823 453 854 485; x_wconf 86' lang='lat'>2.</span> 
     </span>
    </p>
   </div>
   <div class='ocr_carea' id='block_1_22' title="bbox 878 452 1411 634">
    <p class='ocr_par' dir='ltr' id='par_1_25' title="bbox 880 452 1289 540">
     <span class='ocr_line' id='line_1_42' title="bbox 880 452 1279 485; baseline 0 -1"><span class='ocrx_word' id='word_1_145' title='bbox 880 453 932 485; x_wconf 87' lang='lat' dir='ltr'>Ex</span> <span class='ocrx_word' id='word_1_146' title='bbox 956 452 1073 485; x_wconf 74' lang='lat' dir='ltr'>illustri</span> <span class='ocrx_word' id='word_1_147' title='bbox 1101 455 1134 484; x_wconf 87' lang='lat' dir='ltr'>et</span> <span class='ocrx_word' id='word_1_148' title='bbox 1157 452 1279 485; x_wconf 83' lang='lat' dir='ltr'>famoso</span> 
     </span>
     <span class='ocr_line' id='line_1_43' title="bbox 928 499 1289 540; baseline 0 -9"><span class='ocrx_word' id='word_1_149' title='bbox 928 499 1087 540; x_wconf 84' lang='lat' dir='ltr'>Sanguine</span> <span class='ocrx_word' id='word_1_150' title='bbox 1114 500 1289 540; x_wconf 85' lang='lat' dir='ltr'>descendit,</span> 
     </span>
    </p>

    <p class='ocr_par' dir='ltr' id='par_1_26' title="bbox 878 547 1411 634">
     <span class='ocr_line' id='line_1_44' title="bbox 878 547 1411 588; baseline -0.002 -9"><span class='ocrx_word' id='word_1_151' title='bbox 878 547 991 579; x_wconf 88' lang='lat' dir='ltr'>Mundi</span> <span class='ocrx_word' id='word_1_152' title='bbox 1019 547 1136 579; x_wconf 87' lang='lat' dir='ltr'>cultum</span> <span class='ocrx_word' id='word_1_153' title='bbox 1163 556 1232 579; x_wconf 86' lang='lat' dir='ltr'>cum</span> <span class='ocrx_word' id='word_1_154' title='bbox 1257 555 1411 588; x_wconf 87' lang='lat' dir='ltr'>pomposo</span> 
     </span>
     <span class='ocr_line' id='line_1_45' title="bbox 926 594 1231 634; baseline -0.01 -6"><span class='ocrx_word' id='word_1_155' title='bbox 926 595 1028 628; x_wconf 74' lang='lat' dir='ltr'>Fastu</span> <span class='ocrx_word' id='word_1_156' title='bbox 1053 594 1231 634; x_wconf 81' lang='lat' dir='ltr'>vilipendit.</span> 
     </span>
    </p>
   </div>
   <div class='ocr_carea' id='block_1_23' title="bbox 847 668 1362 710">
    <p class='ocr_par' dir='ltr' id='par_1_27' title="bbox 847 668 1362 710">
     <span class='ocr_line' id='line_1_46' title="bbox 847 668 1362 710; baseline 0 -9"><span class='ocrx_word' id='word_1_157' title='bbox 847 694 854 701; x_wconf 94' lang='lat'><em>.</em></span> <span class='ocrx_word' id='word_1_158' title='bbox 879 670 1022 701; x_wconf 85' lang='lat' dir='ltr'>Mentem</span> <span class='ocrx_word' id='word_1_159' title='bbox 1045 668 1117 703; x_wconf 79' lang='lat' dir='ltr'>fixit</span> <span class='ocrx_word' id='word_1_160' title='bbox 1141 671 1183 702; x_wconf 88' lang='lat' dir='ltr'>ad</span> <span class='ocrx_word' id='word_1_161' title='bbox 1209 673 1362 710; x_wconf 84' lang='lat' dir='ltr'>optatum,</span> 
     </span>
    </p>
   </div>
   <div class='ocr_carea' id='block_1_24' title="bbox 878 717 1361 758">
    <p class='ocr_par' dir='ltr' id='par_1_28' title="bbox 878 717 1361 758">
     <span class='ocr_line' id='line_1_47' title="bbox 878 717 1361 758; baseline 0.004 -10"><span class='ocrx_word' id='word_1_162' title='bbox 878 717 932 749; x_wconf 82' lang='lat' dir='ltr'>Ad</span> <span class='ocrx_word' id='word_1_163' title='bbox 957 717 1111 750; x_wconf 77' lang='lat' dir='ltr'>virtutum</span> <span class='ocrx_word' id='word_1_164' title='bbox 1135 717 1361 758; x_wconf 80' lang='lat' dir='ltr'>principatum.</span> 
     </span>
    </p>
   </div>
   <div class='ocr_carea' id='block_1_25' title="bbox 877 791 1275 975">
    <p class='ocr_par' dir='ltr' id='par_1_29' title="bbox 877 791 1275 975">
     <span class='ocr_line' id='line_1_48' title="bbox 880 791 1236 825; baseline 0.003 -1"><span class='ocrx_word' id='word_1_165' title='bbox 880 791 1013 824; x_wconf 81' lang='lat' dir='ltr'>Generis</span> <span class='ocrx_word' id='word_1_166' title='bbox 1037 792 1236 825; x_wconf 80' lang='lat' dir='ltr'>nobilitatem</span> 
     </span>
     <span class='ocr_line' id='line_1_49' title="bbox 923 839 1243 873; baseline 0 -2"><span class='ocrx_word' id='word_1_167' title='bbox 923 839 1050 872; x_wconf 82' lang='lat' dir='ltr'>Morum</span> <span class='ocrx_word' id='word_1_168' title='bbox 1077 843 1243 873; x_wconf 86' lang='lat' dir='ltr'>venustate</span> 
     </span>
     <span class='ocr_line' id='line_1_50' title="bbox 877 886 1275 920; baseline 0.005 -3"><span class='ocrx_word' id='word_1_169' title='bbox 877 887 963 918; x_wconf 79' lang='lat' dir='ltr'>Vicit</span> <span class='ocrx_word' id='word_1_170' title='bbox 986 886 1094 918; x_wconf 91' lang='lat' dir='ltr'>mundi</span> <span class='ocrx_word' id='word_1_171' title='bbox 1121 888 1275 920; x_wconf 88' lang='lat' dir='ltr'>vilitatem</span> 
     </span>
     <span class='ocr_line' id='line_1_51' title="bbox 925 934 1191 975; baseline 0.011 -11"><span class='ocrx_word' id='word_1_172' title='bbox 925 934 1017 965; x_wconf 78' lang='lat' dir='ltr'>Vitae</span> <span class='ocrx_word' id='word_1_173' title='bbox 1041 935 1191 975; x_wconf 87' lang='lat' dir='ltr'>puritate.</span> 
     </span>
    </p>
   </div>
   <div class='ocr_carea' id='block_1_26' title="bbox 844 1009 1171 1041">
    <p class='ocr_par' dir='ltr' id='par_1_30' title="bbox 844 1009 1171 1041">
     <span class='ocr_line' id='line_1_52' title="bbox 844 1009 1171 1041; baseline 0 0"><span class='ocrx_word' id='word_1_174' title='bbox 844 1035 851 1041; x_wconf 95' lang='lat'><strong><em>.</em></strong></span> <span class='ocrx_word' id='word_1_175' title='bbox 879 1010 962 1041; x_wconf 87' lang='lat' dir='ltr'>Puer</span> <span class='ocrx_word' id='word_1_176' title='bbox 985 1009 1171 1041; x_wconf 88' lang='lat' dir='ltr'>Desiderius</span> 
     </span>
    </p>
   </div>
   <div class='ocr_carea' id='block_1_27' title="bbox 879 1055 1268 1190">
    <p class='ocr_par' dir='ltr' id='par_1_31' title="bbox 879 1055 1268 1190">
     <span class='ocr_line' id='line_1_53' title="bbox 927 1055 1268 1097; baseline 0.006 -10"><span class='ocrx_word' id='word_1_177' title='bbox 927 1055 1008 1088; x_wconf 83' lang='lat' dir='ltr'>Vere</span> <span class='ocrx_word' id='word_1_178' title='bbox 1034 1056 1268 1097; x_wconf 84' lang='lat' dir='ltr'>desiderabilis,</span> 
     </span>
     <span class='ocr_line' id='line_1_54' title="bbox 879 1104 1190 1136; baseline 0.003 -1"><span class='ocrx_word' id='word_1_179' title='bbox 879 1104 968 1135; x_wconf 87' lang='lat' dir='ltr'>Intus</span> <span class='ocrx_word' id='word_1_180' title='bbox 995 1107 1027 1135; x_wconf 85' lang='lat' dir='ltr'>et</span> <span class='ocrx_word' id='word_1_181' title='bbox 1052 1105 1190 1136; x_wconf 79' lang='lat' dir='ltr'>exterius</span> 
     </span>
     <span class='ocr_line' id='line_1_55' title="bbox 925 1149 1232 1190; baseline 0 -8"><span class='ocrx_word' id='word_1_182' title='bbox 925 1149 993 1183; x_wconf 85' lang='lat' dir='ltr'>Deo</span> <span class='ocrx_word' id='word_1_183' title='bbox 1017 1151 1232 1190; x_wconf 78' lang='lat' dir='ltr'>peramabilis.</span> 
     </span>
    </p>
   </div>
   <div class='ocr_carea' id='block_1_28' title="bbox 845 1225 1351 1267">
    <p class='ocr_par' dir='ltr' id='par_1_32' title="bbox 845 1225 1351 1267">
     <span class='ocr_line' id='line_1_56' title="bbox 845 1225 1351 1267; baseline -0.002 -9"><span class='ocrx_word' id='word_1_184' title='bbox 845 1251 852 1258; x_wconf 95' lang='lat'>.</span> <span class='ocrx_word' id='word_1_185' title='bbox 879 1225 1031 1257; x_wconf 86' lang='lat' dir='ltr'>Decursis</span> <span class='ocrx_word' id='word_1_186' title='bbox 1056 1226 1147 1257; x_wconf 86' lang='lat' dir='ltr'>annis</span> <span class='ocrx_word' id='word_1_187' title='bbox 1172 1226 1351 1267; x_wconf 85' lang='lat' dir='ltr'>pubertatis</span> 
     </span>
    </p>
   </div>
   <div class='ocr_carea' id='block_1_29' title="bbox 879 1272 1324 1401">
    <p class='ocr_par' dir='ltr' id='par_1_33' title="bbox 879 1272 1324 1401">
     <span class='ocr_line' id='line_1_57' title="bbox 925 1272 1278 1313; baseline 0.003 -9"><span class='ocrx_word' id='word_1_188' title='bbox 925 1272 1096 1304; x_wconf 80' lang='lat' dir='ltr'>vernantis</span> <span class='ocrx_word' id='word_1_189' title='bbox 1121 1274 1278 1313; x_wconf 86' lang='lat' dir='ltr'>pueritiae</span> 
     </span>
     <span class='ocr_line' id='line_1_58' title="bbox 879 1319 1284 1353; baseline 0.005 -2"><span class='ocrx_word' id='word_1_190' title='bbox 879 1320 931 1352; x_wconf 82' lang='lat' dir='ltr'>Ad</span> <span class='ocrx_word' id='word_1_191' title='bbox 955 1319 1103 1351; x_wconf 84' lang='lat' dir='ltr'>decorem</span> <span class='ocrx_word' id='word_1_192' title='bbox 1128 1320 1284 1353; x_wconf 78' lang='lat' dir='ltr'>castitatis</span> 
     </span>
     <span class='ocr_line' id='line_1_59' title="bbox 927 1367 1324 1401; baseline 0.003 -1"><span class='ocrx_word' id='word_1_193' title='bbox 927 1367 1059 1400; x_wconf 86' lang='lat' dir='ltr'>Scandit</span> <span class='ocrx_word' id='word_1_194' title='bbox 1085 1370 1116 1398; x_wconf 90' lang='lat' dir='ltr'>et</span> <span class='ocrx_word' id='word_1_195' title='bbox 1140 1368 1324 1401; x_wconf 86' lang='lat' dir='ltr'>munditiae.</span> 
     </span>
    </p>
   </div>
   <div class='ocr_carea' id='block_1_30' title="bbox 1018 1471 1225 1506">
    <p class='ocr_par' dir='ltr' id='par_1_34' title="bbox 1018 1471 1225 1506">
     <span class='ocr_line' id='line_1_60' title="bbox 1018 1471 1225 1506; baseline 0.005 -8"><span class='ocrx_word' id='word_1_196' title='bbox 1018 1471 1225 1506; x_wconf 73' lang='lat' dir='ltr'>Respo-asotia.</span> 
     </span>
    </p>
   </div>
   <div class='ocr_carea' id='block_1_31' title="bbox 846 1528 1202 1561">
    <p class='ocr_par' dir='ltr' id='par_1_35' title="bbox 846 1528 1202 1561">
     <span class='ocr_line' id='line_1_61' title="bbox 846 1528 1202 1561; baseline 0.008 -3"><span class='ocrx_word' id='word_1_197' title='bbox 846 1551 853 1558; x_wconf 90' lang='lat'><strong>.</strong></span> <span class='ocrx_word' id='word_1_198' title='bbox 880 1528 917 1560; x_wconf 87' lang='lat' dir='ltr'>In</span> <span class='ocrx_word' id='word_1_199' title='bbox 942 1531 1048 1560; x_wconf 84' lang='lat' dir='ltr'>aetate</span> <span class='ocrx_word' id='word_1_200' title='bbox 1071 1528 1202 1561; x_wconf 85' lang='lat' dir='ltr'>iuvenili</span> 
     </span>
    </p>
   </div>
   <div class='ocr_carea' id='block_1_32' title="bbox 878 1574 1363 1854">
    <p class='ocr_par' dir='ltr' id='par_1_36' title="bbox 878 1574 1363 1664">
     <span class='ocr_line' id='line_1_62' title="bbox 927 1574 1363 1618; baseline 0.009 -12"><span class='ocrx_word' id='word_1_201' title='bbox 927 1574 1043 1607; x_wconf 81' lang='lat' dir='ltr'>Hausit</span> <span class='ocrx_word' id='word_1_202' title='bbox 1068 1576 1165 1608; x_wconf 83' lang='lat' dir='ltr'>corde</span> <span class='ocrx_word' id='word_1_203' title='bbox 1190 1576 1363 1618; x_wconf 84' lang='lat' dir='ltr'>sitibundo,</span> 
     </span>
     <span class='ocr_line' id='line_1_63' title="bbox 878 1622 1353 1664; baseline 0.004 -10"><span class='ocrx_word' id='word_1_204' title='bbox 878 1622 969 1663; x_wconf 79' lang='lat' dir='ltr'>Quod</span> <span class='ocrx_word' id='word_1_205' title='bbox 993 1626 1066 1662; x_wconf 83' lang='lat' dir='ltr'>post</span> <span class='ocrx_word' id='word_1_206' title='bbox 1090 1625 1236 1664; x_wconf 86' lang='lat' dir='ltr'>tempore</span> <span class='ocrx_word' id='word_1_207' title='bbox 1261 1626 1353 1657; x_wconf 88' lang='lat' dir='ltr'>senili</span> 
     </span>
    </p>

    <p class='ocr_par' dir='ltr' id='par_1_37' title="bbox 878 1669 1285 1799">
     <span class='ocr_line' id='line_1_64' title="bbox 927 1669 1260 1712; baseline 0.009 -11"><span class='ocrx_word' id='word_1_208' title='bbox 927 1669 1028 1702; x_wconf 84' lang='lat' dir='ltr'>Fudit</span> <span class='ocrx_word' id='word_1_209' title='bbox 1052 1679 1108 1703; x_wconf 86' lang='lat' dir='ltr'>ore</span> <span class='ocrx_word' id='word_1_210' title='bbox 1132 1672 1260 1712; x_wconf 80' lang='lat' dir='ltr'>mundo,</span> 
     </span>
     <span class='ocr_line' id='line_1_65' title="bbox 878 1717 1285 1760; baseline 0.01 -12"><span class='ocrx_word' id='word_1_211' title='bbox 878 1717 1038 1757; x_wconf 78' lang='lat' dir='ltr'>Quidquid</span> <span class='ocrx_word' id='word_1_212' title='bbox 1062 1718 1137 1751; x_wconf 87' lang='lat' dir='ltr'>boni</span> <span class='ocrx_word' id='word_1_213' title='bbox 1162 1720 1285 1760; x_wconf 86' lang='lat' dir='ltr'>legerat</span> 
     </span>
     <span class='ocr_line' id='line_1_66' title="bbox 878 1763 1208 1799; baseline 0.003 -3"><span class='ocrx_word' id='word_1_214' title='bbox 878 1763 978 1796; x_wconf 87' lang='lat' dir='ltr'>Simul</span> <span class='ocrx_word' id='word_1_215' title='bbox 1003 1767 1036 1796; x_wconf 84' lang='lat' dir='ltr'>et</span> <span class='ocrx_word' id='word_1_216' title='bbox 1060 1766 1208 1799; x_wconf 82' lang='lat' dir='ltr'>audierat</span> 
     </span>
    </p>

    <p class='ocr_par' dir='ltr' id='par_1_38' title="bbox 927 1811 1302 1854">
     <span class='ocr_line' id='line_1_67' title="bbox 927 1811 1302 1854; baseline 0.016 -11"><span class='ocrx_word' id='word_1_217' title='bbox 927 1811 1041 1844; x_wconf 84' lang='lat' dir='ltr'>Gordis</span> <span class='ocrx_word' id='word_1_218' title='bbox 1067 1812 1108 1844; x_wconf 82' lang='lat' dir='ltr'>de</span> <span class='ocrx_word' id='word_1_219' title='bbox 1131 1812 1302 1854; x_wconf 77' lang='lat' dir='ltr'>profundo.</span> 
     </span>
    </p>
   </div>
   <div class='ocr_carea' id='block_1_33' title="bbox 846 1887 1294 1929">
    <p class='ocr_par' dir='ltr' id='par_1_39' title="bbox 846 1887 1294 1929">
     <span class='ocr_line' id='line_1_68' title="bbox 846 1887 1294 1929; baseline 0.002 -9"><span class='ocrx_word' id='word_1_220' title='bbox 846 1913 853 1920; x_wconf 93' lang='lat'>.</span> <span class='ocrx_word' id='word_1_221' title='bbox 879 1887 1079 1921; x_wconf 87' lang='lat' dir='ltr'>Incremento</span> <span class='ocrx_word' id='word_1_222' title='bbox 1107 1889 1294 1929; x_wconf 84' lang='lat' dir='ltr'>disciplinae</span> 
     </span>
    </p>
   </div>
   <div class='ocr_carea' id='block_1_34' title="bbox 880 1934 1436 2208">
    <p class='ocr_par' dir='ltr' id='par_1_40' title="bbox 880 1934 1436 2208">
     <span class='ocr_line' id='line_1_69' title="bbox 928 1934 1243 1977; baseline 0.006 -11"><span class='ocrx_word' id='word_1_223' title='bbox 928 1934 989 1966; x_wconf 85' lang='lat' dir='ltr'>Est</span> <span class='ocrx_word' id='word_1_224' title='bbox 1011 1935 1243 1977; x_wconf 79' lang='lat' dir='ltr'>magnificatus,</span> 
     </span>
     <span class='ocr_line' id='line_1_70' title="bbox 882 1981 1436 2024; baseline 0.011 -11"><span class='ocrx_word' id='word_1_225' title='bbox 882 1981 971 2020; x_wconf 82' lang='lat' dir='ltr'>Quod</span> <span class='ocrx_word' id='word_1_226' title='bbox 1006 1991 1076 2014; x_wconf 79' lang='lat' dir='ltr'>mox</span> <span class='ocrx_word' id='word_1_227' title='bbox 1112 1984 1191 2024; x_wconf 86' lang='lat' dir='ltr'>legis</span> <span class='ocrx_word' id='word_1_228' title='bbox 1226 1988 1273 2016; x_wconf 88' lang='lat' dir='ltr'>est</span> <span class='ocrx_word' id='word_1_229' title='bbox 1309 1986 1436 2019; x_wconf 84' lang='lat' dir='ltr'>divinae</span> 
     </span>
     <span class='ocr_line' id='line_1_71' title="bbox 928 2029 1287 2074; baseline 0.008 -13"><span class='ocrx_word' id='word_1_230' title='bbox 928 2029 1121 2062; x_wconf 84' lang='lat' dir='ltr'>Didascalus</span> <span class='ocrx_word' id='word_1_231' title='bbox 1146 2035 1287 2074; x_wconf 88' lang='lat' dir='ltr'>vocatus,</span> 
     </span>
     <span class='ocr_line' id='line_1_72' title="bbox 881 2076 1193 2111; baseline 0.013 -4"><span class='ocrx_word' id='word_1_232' title='bbox 881 2076 1061 2109; x_wconf 87' lang='lat' dir='ltr'>Literarum</span> <span class='ocrx_word' id='word_1_233' title='bbox 1087 2079 1193 2111; x_wconf 91' lang='lat' dir='ltr'>studio</span> 
     </span>
     <span class='ocr_line' id='line_1_73' title="bbox 880 2124 1263 2167; baseline 0.008 -11"><span class='ocrx_word' id='word_1_234' title='bbox 880 2124 1000 2156; x_wconf 84' lang='lat' dir='ltr'>Mentis</span> <span class='ocrx_word' id='word_1_235' title='bbox 1026 2133 1096 2157; x_wconf 89' lang='lat' dir='ltr'>cum</span> <span class='ocrx_word' id='word_1_236' title='bbox 1121 2126 1263 2167; x_wconf 89' lang='lat' dir='ltr'>tripudio</span> 
     </span>
     <span class='ocr_line' id='line_1_74' title="bbox 926 2171 1283 2208; baseline 0.011 -4"><span class='ocrx_word' id='word_1_237' title='bbox 926 2171 979 2204; x_wconf 85' lang='lat' dir='ltr'>Sic</span> <span class='ocrx_word' id='word_1_238' title='bbox 1005 2176 1055 2204; x_wconf 88' lang='lat' dir='ltr'>est</span> <span class='ocrx_word' id='word_1_239' title='bbox 1081 2173 1283 2208; x_wconf 83' lang='lat' dir='ltr'>sublimatus.</span> 
     </span>
    </p>
   </div>
   <div class='ocr_carea' id='block_1_35' title="bbox 847 2247 1334 2285">
    <p class='ocr_par' dir='ltr' id='par_1_41' title="bbox 847 2247 1334 2285">
     <span class='ocr_line' id='line_1_75' title="bbox 847 2247 1334 2285; baseline 0.012 -7"><span class='ocrx_word' id='word_1_240' title='bbox 847 2271 852 2278; x_wconf 97' lang='lat'>.</span> <span class='ocrx_word' id='word_1_241' title='bbox 880 2247 943 2279; x_wconf 90' lang='lat' dir='ltr'>Per</span> <span class='ocrx_word' id='word_1_242' title='bbox 967 2247 1120 2280; x_wconf 88' lang='lat' dir='ltr'>virtutum</span> <span class='ocrx_word' id='word_1_243' title='bbox 1147 2255 1334 2285; x_wconf 86' lang='lat' dir='ltr'>ornamenta</span> 
     </span>
    </p>
   </div>
   <div class='ocr_carea' id='block_1_36' title="bbox 880 2295 1389 2427">
    <p class='ocr_par' dir='ltr' id='par_1_42' title="bbox 880 2295 1389 2427">
     <span class='ocr_line' id='line_1_76' title="bbox 926 2295 1307 2344; baseline 0.016 -19"><span class='ocrx_word' id='word_1_244' title='bbox 926 2295 987 2335; x_wconf 77' lang='lat' dir='ltr'>Qui</span> <span class='ocrx_word' id='word_1_245' title='bbox 1010 2296 1057 2328; x_wconf 85' lang='lat' dir='ltr'>sic</span> <span class='ocrx_word' id='word_1_246' title='bbox 1081 2295 1142 2329; x_wconf 75' lang='lat' dir='ltr'>fuit</span> <span class='ocrx_word' id='word_1_247' title='bbox 1166 2302 1307 2344; x_wconf 81' lang='lat' dir='ltr'>ornatus,</span> 
     </span>
     <span class='ocr_line' id='line_1_77' title="bbox 880 2342 1389 2385; baseline 0.014 -11"><span class='ocrx_word' id='word_1_248' title='bbox 880 2342 941 2375; x_wconf 88' lang='lat' dir='ltr'>Est</span> <span class='ocrx_word' id='word_1_249' title='bbox 966 2352 1024 2383; x_wconf 88' lang='lat' dir='ltr'>per</span> <span class='ocrx_word' id='word_1_250' title='bbox 1048 2345 1166 2385; x_wconf 87' lang='lat' dir='ltr'>gradus</span> <span class='ocrx_word' id='word_1_251' title='bbox 1190 2347 1389 2381; x_wconf 84' lang='lat' dir='ltr'>incrementa</span> 
     </span>
     <span class='ocr_line' id='line_1_78' title="bbox 925 2391 1273 2427; baseline 0.014 -5"><span class='ocrx_word' id='word_1_252' title='bbox 925 2391 1058 2424; x_wconf 88' lang='lat' dir='ltr'>Electus</span> <span class='ocrx_word' id='word_1_253' title='bbox 1086 2395 1117 2424; x_wconf 87' lang='lat' dir='ltr'>et</span> <span class='ocrx_word' id='word_1_254' title='bbox 1142 2397 1273 2427; x_wconf 87' lang='lat' dir='ltr'>vocatus</span> 
     </span>
    </p>
   </div>
  </div>
 </body>
</html>
