1653 2567
125 454 165 487 A.

655 134 697 138 ——
747 111 912 146 234—-

596 233 642 265 83.
663 232 706 264 De
726 232 832 263 saneto
852 227 962 261 David.

253 319 298 351 In
329 318 360 352 1.
385 315 605 356 Vesperis.

306 392 351 421 Ad
370 389 547 426 Magnificat.

195 452 323 485 Ardens
350 449 455 490 verb0,
478 448 601 486 martyr
626 447 708 484 voto,

248 497 385 531 Claustri
408 495 544 527 nutritus
569 491 720 532 moribus,

198 547 299 579 Purus
326 544 423 583 virgo,
450 542 546 573 corde
571 542 636 571 toto

242 592 384 624 Intentus
409 588 470 622 Dei
493 587 649 629 laudibus,

200 639 314 681 David,
339 638 412 678 piae
434 635 592 667 melodiae

244 686 290 718 Es
312 693 386 718 vere
412 683 523 722 dignus
548 681 687 713 vocibus.

265 780 325 811 Ad
349 777 615 809 Matutinum.

334 852 548 879 Invitatorium.

199 911 324 944 Christo
351 911 456 941 cantet
480 908 622 948 ecclesia,

247 959 305 997 Qui
328 957 428 997 ipsam
455 956 501 988 sic
527 955 650 993 ditavit,

199 1004 391 1037 Extollendo
415 1002 585 1044 praeconia

246 1051 408 1084 Praeclari
432 1050 533 1090 patris
557 1049 674 1082 David.

264 1146 310 1177 In
335 1145 369 1177 1.
390 1144 621 1177 Nocturno.

343 1218 538 1254 Antiphonae.

168 1303 175 1310 .
199 1277 305 1309 David
329 1276 463 1315 simplex
487 1274 586 1307 oculis

250 1323 339 1355 Vixit
363 1322 558 1362 columbinis,

203 1370 289 1410 Iagis
313 1371 346 1401 in
370 1368 529 1401 fluentulis

252 1417 407 1449 Residens
434 1416 558 1448 divinis.

172 1499 181 1507 .
208 1475 320 1507 Custos
344 1476 410 1505 toto
434 1474 538 1505 studio

253 1522 388 1552 Animae
412 1521 535 1552 decoris

208 1568 263 1600 Ml
287 1571 379 1600 curat
403 1568 444 1600 dc
465 1568 564 1607 pallio

254 1616 412 1647 Vanitatis
438 1613 524 1648 foris.

171 1698 178 1705 .
203 1672 368 1705 Formulat
392 1670 588 1711 praecordiis

251 1720 350 1751 Puros
376 1717 529 1758 cogitatus

203 1766 271 1798 Nec
295 1765 413 1807 promit
437 1765 567 1804 eloquiis

254 1812 385 1844 Steriles
410 1814 574 1844 tractatus

344 1886 551 1921 Responsoria.

174 1969 179 1975 .
206 1943 330 1976 Piorum
358 1944 429 1983 pius
453 1942 537 1975 filius

251 1991 428 2034 Parentum,
459 1990 561 2023 David
585 1990 724 2031 inclitus,

205 2038 250 2071 Ut
273 2037 386 2070 stellae
410 2036 529 2070 micans
554 2038 663 2070 radius

252 2085 361 2117 Mores
385 2087 524 2117 sectatur
548 2086 687 2125 penitus,

134 2132 173 2167 V.
203 2133 295 2164 Nunc
319 2141 373 2164 sua
400 2133 478 2165 dans
503 2132 645 2173 hilarius,

153 2237 184 2268 2.

250 2178 343 2211 Nunc
366 2179 465 2212 sacris
490 2179 571 2212 votis
598 2179 733 2213 deditus.

210 2235 265 2268 Fit
290 2244 392 2268 comes
417 2238 550 2269 multum
576 2236 728 2276 providus

258 2282 392 2315 Sanctae
417 2285 502 2315 vitae
527 2283 759 2325 claustralibus,

207 2330 266 2370 Qui
289 2331 406 2363 mundo
431 2330 491 2363 fuit
515 2331 701 2372 splendidus

254 2378 353 2417 Auro,
380 2379 480 2411 servis
506 2382 538 2411 et
563 2379 686 2422 opibus,

800 310 840 345 V.

815 416 845 448 3.

816 2042 854 2074 V.

831 2146 862 2177 3.

870 306 1081 342 Perfectionis
1107 304 1219 337 avidus

919 353 1081 396 Dispersit
1104 353 1184 384 haec
1207 350 1416 392 pauperibus.

872 413 928 445 Ori
953 411 1116 451 obponens
1142 408 1225 441 ostia

922 461 960 492 111
983 457 1108 491 frivolis
1133 454 1299 493 obmutuit,

874 508 1033 547 Aspectus
1059 508 1091 536 et
1116 503 1241 542 eloquia

923 553 1094 586 Mulierum
1119 550 1234 589 timuit,

873 601 1054 641 Loquentes
1078 597 1206 630 inutilia

927 646 1123 680 Gravissime
1149 643 1323 684 redarguit.

939 760 985 793 In
1011 762 1042 794 2.
1070 758 1299 790 NocturnO.

1025 833 1220 868 Antiphonae.

845 917 852 924 .
877 891 1001 924 Munda
1024 890 1129 922 David
1154 889 1345 930 praecordia

924 937 1087 970 Virtutum
1112 938 1233 968 clarent
1258 936 1408 975 speculis,

878 986 924 1018 Ut
948 985 1010 1016 sint
1037 983 1233 1023 exemplaria

927 1031 1052 1072 Magnis
1077 1034 1172 1071 atque
1197 1030 1349 1069 parvulis.

882 1089 942 1121 Est
967 1088 1118 1120 virtutum
1143 1086 1384 1118 fundamentum

927 1135 971 1168 Et
998 1135 1096 1167 decor
1121 1133 1293 1173 humilitas,

881 1185 989 1223 Ipsam
1014 1182 1075 1214 sibi
1101 1180 1320 1213 fulcimentum

931 1229 1038 1262 David
1062 1228 1133 1260 fixit
1157 1229 1320 1260 sanctitas.

855 1313 862 1320 .
889 1286 993 1327 Dolet,
1020 1284 1144 1325 flagrat,
1171 1285 1368 1324 lacrimatur,

931 1332 1100 1372 Suspirans
1126 1331 1166 1364 ad
1193 1332 1391 1373 martyrium,

886 1380 1016 1421 Quando
1041 1379 1102 1411 sibi
1126 1379 1291 1411 nuntiatur

931 1428 1118 1460 Sanctorum
1144 1426 1313 1460 excidium.

1024 1500 1234 1536 Responsoria.

853 1587 860 1593 .
886 1560 1007 1591 Amans
1035 1558 1139 1590 cordis
1164 1558 1355 1591 munditiam

935 1606 1137 1645 Praei-umpit
1165 1605 1330 1649 cogitatus,

888 1655 1034 1694 Adponit
1060 1652 1256 1693 diligentiam

935 1702 998 1734 Per
1023 1708 1136 1741 preces
1162 1703 1195 1730 et
1217 1701 1374 1742 ploratus,

884 1749 937 1781 Sic
961 1751 1069 1780 servat
1091 1747 1302 1780 innocentiam

935 1795 1062 1829 Christo
1090 1794 1344 1830 confoederatus.

886 1851 1020 1883 Sanctus
1045 1851 1151 1883 David
1177 1851 1316 1893 humilis,

934 1898 1006 1931 Non
1033 1899 1124 1930 timet
1148 1899 1333 1940 opprobria,

887 1946 1027 1985 Antiquo
1054 1944 1160 1978 David
1186 1946 1298 1978 similis

934 1992 999 2025 Hic
1024 1993 1090 2025 eius
1117 1996 1165 2024 est
1187 1993 1222 2025 in
1248 1995 1364 2037 patria,

887 2040 1049 2073 Christum
1078 2040 1196 2073 ducens
1220 2041 1254 2073 in
1279 2041 1390 2075 iubilis

935 2087 990 2120 Ad
1014 2088 1064 2119 sui
1089 2088 1195 2121 cordis
1220 2088 1314 2122 atria.

889 2143 954 2176 Leo
981 2142 1069 2184 furit,
1095 2154 1187 2176 ursus
1213 2145 1317 2187 lingit,

887 2191 933 2222 Et
956 2189 1066 2223 Golias
1092 2192 1245 2232 grandem
1270 2192 1363 2235 fingit

937 2237 1005 2270 Sibi
1030 2237 1261 2281 fortitudinem,

890 2285 1009 2319 Christi
1033 2287 1129 2319 armis
1155 2295 1190 2319 se
1213 2289 1395 2331 praecingit,

890 2333 1025 2366 Sanctus
1050 2334 1157 2367 David
1183 2338 1216 2366 et
1240 2336 1414 2380 confringit

936 2382 1029 2413 Hanc
1053 2385 1174 2415 tantam
1198 2384 1446 2421 multitudinem.
