1653 2567
682 140 936 175 —266—

191 262 199 270 .
227 239 346 271 Lumen
373 239 407 268 tu
430 245 521 269 caeco

278 285 420 318 membra
435 284 544 316 reddis
562 283 677 315 misere
693 285 777 316 nato.

195 370 202 377 .
227 341 401 382 Elisabeth,
428 340 565 372 vernalis

277 387 345 428 flos,
371 390 404 418 tu
431 387 535 419 dicere
560 387 642 427 talis,

230 432 433 478 [pauperum]
462 437 602 466 catervas

276 483 401 514 Christo
425 482 527 521 iungis
551 483 587 512 ut
610 482 764 522 lucernas,

225 531 255 562 A
280 529 385 561 scabie
407 529 583 568 mundatos,

271 579 308 608 ut
329 585 417 608 rosas
439 576 630 608 illuminatos

188 649 195 656 .
224 624 277 656 Ad
301 623 407 664 sponsi
431 623 557 654 hortum

276 669 455 709 Christique
465 670 553 701 ducis
563 667 628 713 [ad]
639 672 774 711 portum.

288 804 331 835 In
360 804 390 835 3.
416 801 644 836 Nocturno.

368 875 561 911 Antiphonae.

191 959 198 966 .
224 934 337 966 Hostia
360 934 438 965 haec
462 934 535 965 tulit

271 981 352 1012 atria
376 980 458 1019 regis
483 981 643 1021 intrando,

224 1028 391 1060 Dominum
416 1028 530 1059 adorat

270 1083 418 1115 sponsum
443 1083 531 1105 suum
556 1076 708 1108 vocando.

191 1158 197 1164 .
223 1131 357 1173 Insulae,
384 1132 496 1172 terrae,

269 1178 363 1209 maris
386 1177 420 1207 in
445 1177 555 1217 hisque
580 1178 728 1217 degentes

222 1225 272 1256 De
294 1224 427 1265 caligine
451 1224 543 1256 nubis

268 1272 367 1303 trahit
391 1273 423 1301 et
445 1271 558 1303 umbra
580 1273 700 1306 mortis

189 1354 196 1360 .
222 1328 374 1359 Dominus
397 1328 583 1359 recordatur

268 1374 504 1406 misericordiae
529 1378 561 1405 et
585 1376 725 1407 veritatis

222 1421 336 1453 Domui
360 1421 469 1459 Israel,

270 1477 442 1509 pauperum
467 1468 581 1500 misere
604 1471 698 1502 natis.

356 1543 561 1577 Responsoria.

189 1625 196 1632 .
221 1599 386 1633 Elisabeth
410 1600 561 1641 speciosa,

267 1647 351 1679 inter
374 1647 482 1687 spinas
506 1648 623 1681 rubens
647 1659 730 1692 rosa,

220 1694 405 1726 Humillima
428 1695 531 1734 stella,

272 1741 421 1782 pauperis
445 1742 560 1774 misera
584 1744 673 1786 cella,

221 1788 287 1821 Nos
313 1798 332 1819 a
355 1789 497 1829 procella

270 1836 379 1868 mundi
403 1836 491 1867 salva
516 1838 548 1867 et
570 1837 668 1868 hostis
694 1839 767 1879 tela,

229 1882 272 1915 Ut
297 1883 472 1924 iubilemus,

270 1932 374 1962 tecum
383 1929 550 1962 Dominum
563 1931 774 1965 collaudemus

189 2003 194 2009 .
227 1976 357 2009 Cithara
382 1979 411 2008 et
438 1977 540 2021 choro,

273 2025 377 2057 cordis
403 2027 435 2055 et
458 2025 567 2064 organi
592 2035 677 2059 sono.

168 2086 198 2113 ⁸.
223 2080 388 2112 Elisabeth
413 2081 579 2121 praeclara

271 2136 373 2168 regem
400 2127 598 2162 Salomonem
621 2134 657 2162 ut
682 2131 767 2163 Saba

224 2175 352 2214 Quaeris
377 2176 411 2206 in
436 2176 559 2216 decore,

270 2222 434 2254 viduarum
458 2222 566 2255 iuncta
589 2224 717 2268 honore,

220 2268 341 2301 Fructu
365 2270 523 2302 cumulata

268 2317 335 2358 regi
359 2326 505 2358 supremo
530 2319 661 2359 sociata,

224 2363 302 2396 Cum
327 2363 401 2397 filiis
425 2365 563 2408 plaudis,

268 2415 368 2444 tecum
395 2421 470 2452 quos
496 2414 608 2446 sedere
632 2417 761 2459 gaudes,

839 236 875 268 V.
907 235 952 268 Ut
974 236 1077 268 altera
1097 233 1178 266 Sara

953 282 1086 316 laetaris
1111 282 1265 323 progenie
1290 291 1374 314 cara.

850 340 881 373 3.
904 338 1071 372 Elisabeth
1096 338 1202 372 Aman

952 386 983 418 in
1009 386 1154 427 patibulo
1179 386 1356 428 suspendit,

907 434 1012 475 Caput
1037 433 1207 467 Holoferni

953 482 993 513 de
1019 482 1100 514 collo
1124 482 1210 514 laeta
1235 481 1390 524 extendit,

907 529 961 562 Sic
984 529 1135 563 liberavit

952 577 1053 609 Israel
1079 579 1111 607 et
1133 585 1291 618 pauperes
1315 576 1407 618 pavit

904 625 940 656 In
967 625 1068 666 patris
1094 633 1192 664 regno

952 681 1025 704 suos
1049 679 1155 703 secum
1183 671 1379 709 collocando,

833 719 872 753 V.
903 719 953 751 De
979 727 1107 751 carcere
1131 719 1241 750 mortis

955 767 1016 799 duo
1038 770 1109 798 tuos
1134 768 1166 798 et
1188 767 1292 798 malae
1310 766 1460 799 cohortis.

994 911 1040 942 In
1069 909 1297 942 Laudibus

1050 993 1247 1029 Antiphonae.

846 1051 876 1084 1.
903 1051 1012 1083 Induit
1037 1053 1152 1084 decore

949 1098 1036 1131 Deus
1060 1099 1228 1130 Elisabeth
1252 1099 1382 1141 honore,

904 1144 983 1177 Cum
1010 1146 1136 1179 Christo
1162 1149 1282 1189 regnat,

950 1194 1002 1233 qui
1027 1203 1125 1233 regna
1151 1194 1270 1225 caelica
1296 1194 1403 1226 donat.

845 1240 875 1271 2.
903 1239 1005 1273 Voces
1030 1249 1192 1281 aquarum,

949 1286 1063 1319 fluctus
1089 1291 1120 1319 et
1135 1289 1252 1328 undae,
1279 1288 1458 1327 viduarum,

900 1333 990 1366 Haec
1013 1336 1059 1367 sic
1083 1336 1217 1377 sanavit,

950 1382 1111 1416 Christum
1138 1384 1212 1416 dum
1239 1393 1389 1425 sponsum
1409 1393 1462 1418 vo-

1229 1432 1324 1466 cavit.

845 1487 876 1519 3.
904 1487 1022 1529 Adipis
1046 1488 1219 1529 pinguedo,

948 1533 1039 1568 favus
1065 1538 1096 1566 et
1121 1536 1226 1567 mellis
1253 1536 1388 1568 dulcedo

900 1582 1034 1615 Animas
1058 1583 1204 1623 replevit-J

949 1630 1075 1663 dolores
1100 1639 1277 1672 pauperum
1306 1631 1434 1664 delevit.

841 1687 872 1718 4.
899 1686 1002 1719 Terra
1026 1689 1239 1732 Ungarorum‚

951 1733 1054 1768 fontes
1081 1738 1113 1766 et
1135 1734 1267 1768 fiumina
1290 1746 1414 1770 morum

902 1781 1005 1814 Deum
1030 1783 1264 1816 benedicebant

949 1830 983 1861 in
994 1830 1100 1871 caelis»,
1109 1831 1161 1870 qui
1171 1834 1285 1864 cuncta
1294 1832 1460 1873 gubernat.

847 1886 877 1916 5.
904 1884 1073 1918 Dominum
1100 1888 1140 1919 de
1166 1889 1262 1920 caelis

951 1934 1112 1966 collaudet
1136 1936 1237 1968 omnis
1262 1935 1369 1969 fidelis

903 1980 942 2012 In
966 1981 1062 2014 tubae
1086 1991 1173 2023 sono,

949 2031 1111 2071 tympano,
1133 2030 1262 2063 chordis
1282 2035 1314 2063 et
1330 2042 1459 2073 organo,

1025 2123 1072 2152 Ad
1092 2124 1276 2154 Benedictus.

831 2181 870 2213 A.
902 2181 1067 2215 Elisabeth
1095 2183 1209 2224 fidelis,

949 2239 1006 2262 ora
1031 2239 1088 2271 pro
1112 2232 1205 2264 nobis
1229 2233 1263 2265 in
1288 2235 1386 2267 caelis

902 2275 1073 2316 Christum,
1100 2288 1205 2320 regem
1233 2278 1370 2327 [regum]

944 2334 1094 2365 sponsum
1121 2328 1275 2369 vultuque
1297 2330 1460 2373 decorum,

901 2372 960 2412 Qui
985 2376 1017 2404 te
1040 2373 1094 2405 hic
1119 2375 1222 2416 elegit,

949 2430 988 2454 ex
1016 2421 1142 2455 milibus
1169 2424 1243 2457 dum
1269 2428 1381 2472 coegit⁷
