1653 2567
189 2088 227 2120 V.

713 157 971 193 -192—

257 258 390 291 Orantes
417 257 589 295 Christum,

306 309 340 337 ut
364 306 480 336 metum
505 307 644 343 tergeret
666 303 771 334 istum.

263 360 509 394 Commanebant
532 368 636 391 secum
662 365 738 390 sane

262 408 444 447 Christiani,
472 406 671 439 Christianae

307 455 347 487 Se
373 454 519 486 celabant
542 453 672 494 pariter,

256 501 482 534 Ascendebant
507 501 630 532 domum
655 500 731 539 eius,

255 550 366 581 Palam
387 551 423 579 ut
448 548 586 580 vitarent
609 547 708 588 peius,

305 597 489 637 Rapuerunt
513 596 560 626 sie
582 595 655 638 iter,

261 643 342 682 Quos
368 643 462 673 sumit
488 651 557 673 cum
582 642 697 681 gaudio

262 691 365 722 Aulae
388 690 421 720 in
445 690 582 730 palatio;

255 737 322 770 Hos
349 735 550 769 confortabat

308 788 339 817 et
364 784 561 816 christicolas
586 782 769 816 adiuvabat.

323 909 370 941 In
395 909 426 940 2.
452 907 679 940 Nocturno.

403 981 600 1018 Antiphonae.

258 1040 362 1072 Multa
386 1048 444 1079 per
465 1040 549 1071 hunc
572 1040 654 1071 mira
678 1038 775 1080 dedit,

261 1087 358 1120 Cordi
383 1096 438 1118 suo
465 1087 517 1127 qui
541 1087 714 1126 praesedit,

308 1134 463 1173 Ghn'stus,
490 1132 592 1165 forma
617 1134 753 1165 omnium

303 1182 349 1214 Et
372 1181 545 1222 plasmator
571 1181 740 1213 homjnum.

230 1264 237 1271 .
263 1239 383 1271 Luctus
410 1238 566 1270 convertit
589 1238 622 1269 in
646 1238 754 1279 risum,

261 1285 390 1318 Claudis
415 1293 567 1326 gressum,
593 1285 693 1316 caeeis
710 1284 811 1315 visum

309 1333 370 1364 Dei
394 1332 548 1371 patientia

306 1379 405 1412 Dedit
429 1381 523 1419 atque
546 1380 658 1419 gratia.

263 1437 378 1477 Aegiis
403 1434 526 1467 confert
549 1436 717 1468 sanitatem

262 1485 324 1516 Per
349 1483 485 1515 divinam
511 1483 673 1524 pietatem,

304 1530 463 1563 Medelam
489 1531 710 1571 languentibus

304 1579 369 1620 Spe
391 1577 551 1610 Christum
576 1577 809 1617 quaerentibus,

393 1652 601 1688 Responsoria.

227 1735 233 1741 .
260 1710 361 1742 Fidus
385 1718 458 1740 nam
485 1709 669 1750 discipulus,

261 1756 372 1789 Cultor
396 1756 458 1787 Dei
480 1756 626 1788 Castulus

306 1803 407 1836 Audit
430 1804 652 1845 querimonias,

257 1851 317 1890 Qui
340 1854 500 1890 tamquam
525 1852 733 1891 ramusculus,

258 1897 405 1931 Paradisi
429 1896 577 1930 flosculus

305 1945 441 1978 Servans
468 1946 674 1978 caerimonias

257 1993 387 2025 Fraude
410 1993 582 2025 diabolicos

261 2040 387 2082 Sprevit
414 2042 446 2071 et
469 2039 638 2081 maleficoS‚

258 2087 402 2120 Diversis
428 2086 521 2119 factis

309 2138 341 2167 et
363 2136 397 2167 in
422 2135 566 2167 omnibus
590 2136 691 2177 ipsius
716 2137 806 2169 actis.

204 2193 234 2224 2.
261 2193 342 2225 Inde
365 2201 468 2233 papae
492 2191 571 2226 Gaio

262 2240 363 2272 Duxit
386 2248 445 2280 pro
472 2239 598 2280 oblagio

310 2287 469 2327 Quosdam
492 2288 665 2328 latitantes,

266 2335 326 2374 Qui
349 2336 385 2367 ut
408 2334 442 2366 in
467 2334 610 2377 obstagio

263 2382 308 2415 Et
332 2382 437 2415 cordis
462 2382 607 2424 homagio

311 2429 461 2464 Iacebant
488 2431 676 2465 clamantes:

940 250 1128 283 Veneranda
1152 249 1224 289 plus
1243 257 1336 289 quam
1362 247 1499 287 (matter,

942 299 1054 332 Sumas
1071 297 1116 336 id,
1144 298 1227 337 quod
1247 295 1392 328 Christus
1409 294 1502 334 pater

942 347 1005 379 Per
1028 354 1079 377 me
1103 354 1192 376 suum
1218 352 1345 376 servum
1372 340 1471 380 dedit,

940 395 970 426 A
996 403 1057 434 quo
1082 401 1171 424 mens
1196 400 1267 423 mea
1292 400 1355 422 non
1381 388 1477 421 cedit.

903 467 910 474 .
940 442 994 474 Ad
1019 448 1124 483 papae
1148 439 1257 471 sedem

989 490 1118 520 cunctos
1145 487 1274 528 collegit
1298 489 1330 518 et
1355 483 1478 517 aedem.

907 572 913 579 .
941 546 1056 578 Omnes
1084 546 1175 575 erant
1199 543 1355 583 baptizati

941 592 1038 625 Sacro
1059 591 1187 623 lavacro
1212 590 1317 622 renati

988 640 1031 672 Et
1056 641 1237 670 sanctorum
1262 646 1393 670 numero

943 687 1068 721 Certius
1094 688 1169 717 sunt
1192 685 1367 726 aggregati,

939 735 1056 767 Divino
1081 741 1155 765 rore
1180 731 1308 772 perflati

990 781 1134 815 Culmine
1157 778 1306 821 florigero

940 830 984 862 Et
1008 830 1049 861 ad
1074 828 1177 868 patris
1203 828 1333 859 aethera

941 877 1151 909 Transierunt
1175 884 1298 909 revera.

869 924 909 958 V.
936 922 1136 956 Perficiendo
1161 921 1258 955 fidem

988 982 1052 1005 non
1064 972 1250 1002 manserunt
1262 969 1352 1010 quasi
1361 968 1498 1011 pridem.

1004 1114 1050 1145 In
1077 1114 1105 1145 3.
1132 1112 1191 1145 No
1207 1115 1371 1145 cturno.

1086 1196 1282 1232 Antiphonae.

906 1289 914 1296 .
940 1265 1061 1297 Multos
1085 1263 1140 1294 hic
1164 1263 1205 1295 ad
1231 1262 1328 1295 fidem
1356 1262 1457 1301 duxit,

941 1312 1002 1351 Qui
1025 1314 1062 1343 ut
1086 1311 1239 1351 splendor
1262 1311 1374 1342 m‘undi
1396 1309 1482 1341 luxit

988 1358 1092 1392 Dictis
1118 1360 1150 1389 et
1175 1357 1326 1398 operibus

987 1406 1113 1439 Divinis
1138 1405 1332 1438 muneribus

906 1488 914 1496 .
944 1463 1146 1501 Virtutesque
1170 1463 1218 1493 tot
1241 1462 1402 1502 signorum

940 1510 1114 1542 Tantorum
1138 1509 1358 1550 prodigiorum

987 1558 1049 1590 Per
1073 1557 1158 1588 hune
1182 1555 1260 1588 feeit
1283 1556 1439 1589 Dominus

985 1605 1118 1638 Eminus
1144 1607 1176 1636 et
1201 1604 1382 1637 comminus.

906 1689 913 1696 .
941 1663 1069 1704 Scripta
1093 1669 1132 1692 ac
1152 1663 1344 1701 perpetuata

942 1710 1022 1742 Sunt
1045 1709 1150 1750 sigillo
1176 1709 1316 1749 sigillata

987 1757 1048 1790 Dei
1074 1756 1174 1798 patris
1199 1756 1339 1797 Domini,

989 1806 1038 1838 Sit
1061 1805 1130 1836 laus
1155 1813 1212 1836 suo
1237 1805 1367 1837 nomini.

1081 1889 1291 1924 Responsoria.

908 1983 914 1989 .
941 1955 1070 1989 Nostris
1095 1956 1233 1997 posteris
1258 1956 1291 1987 in
1318 1956 1447 1996 dignum

942 2003 987 2035 Et
1011 2003 1194 2035 memoriale
1218 2003 1342 2043 signum

991 2050 1218 2083 Enarrandum
1244 2051 1400 2091 duximus,

946 2099 1152 2131 Pentecostes
1178 2097 1260 2132 festo
1286 2099 1434 2139 quodam,

945 2147 1041 2178 Velut
1065 2145 1115 2177 his
1140 2146 1175 2177 in
1199 2146 1329 2187 scriptis
1352 2147 1497 2189 prodam,

994 2193 1176 2226 Inundabat
1200 2195 1291 2226 Isera

947 2241 1008 2282 Sic,
1031 2241 1116 2281 quod
1132 2242 1224 2273 multi
1241 2244 1319 2273 tunc
1336 2243 1507 2283 pergentes

946 2288 1103 2322 Plaustris
1129 2291 1162 2320 et
1184 2289 1247 2321 iter
1272 2292 1402 2330 agentes

995 2336 1222 2376 Desperabant
1245 2345 1303 2377 spe
1327 2346 1435 2377 mera;

877 2385 915 2417 V.
948 2385 1033 2419 Pons
1059 2384 1143 2423 quod
1169 2388 1238 2417 erat
1261 2385 1390 2427 scissus,

997 2433 1030 2464 iu
1054 2432 1177 2466 Iseram
1200 2433 1338 2474 populus
1362 2434 1487 2467 missus.
