1653 2567
680 140 939 175 —143—

167 226 198 260 2.
226 227 299 260 Non
324 227 456 262 fremuit
475 241 536 264 nec
559 234 658 266 coluit

268 276 393 316 luania,

223 322 397 364 ResccanS,
424 334 506 365 quae
532 328 642 360 docuit

272 370 420 415 vesania,

222 416 359 449 Domino
386 419 520 452 servivit

268 465 301 497 in
326 465 450 506 timore,

223 511 312 544 Caeli
337 514 447 546 sedem
473 516 610 557 adeptus

265 561 299 592 in
326 560 456 596 honore.

185 640 192 648 .
220 616 366 650 Christus
392 625 490 660 caput

268 665 335 697 eius
362 668 527 709 exaltavit,

218 712 302 745 Dum
328 714 362 745 in
389 716 524 748 excelsis

272 761 387 794 cellam
409 762 591 807 fabricavit,

218 808 419 843 Renuntians
445 811 498 844 hic
522 814 649 846 saeculo

217 857 379 890 Addictus
407 862 456 891 est

264 906 421 939 trinitatis
447 908 590 947 speculo,

361 973 571 1010 Responsoria.

180 1046 186 1053 .
215 1021 266 1053 Ab
290 1022 440 1055 Arrianis

218 1069 274 1101 Vir
298 1069 361 1102 Dei
387 1074 515 1111 captam
540 1073 709 1105 ecclesiam

215 1118 392 1150 Pastoralis
420 1122 569 1151 contactu
594 1121 701 1152 baculi

263 1165 491 1206 Recuperavit,

219 1213 421 1254 Christianis,

215 1261 367 1294 Reddens
389 1261 473 1294 hanc
498 1262 663 1296 basilicam

213 1310 267 1342 Ad
290 1309 419 1342 laudem
446 1310 517 1351 Dei,
544 1319 638 1351 quam

260 1357 496 1398 Multiplicavit

176 1432 181 1437 .
211 1405 412 1446 Hymnorum
438 1407 656 1448 concentibus,

215 1453 340 1486 Fidelis
365 1455 428 1494 piis
453 1455 614 1488 mentibus

264 1500 361 1534 Plebs
386 1502 469 1534 hanc
494 1501 720 1543 frequent-avit.

181 1586 188 1593 .
217 1558 354 1599 Captum
379 1559 472 1592 hamo
500 1559 663 1593 daemonis

261 1606 375 1639 Fidem
404 1607 618 1641 Christianam

312 1655 524 1688 Abiurantem

213 1703 329 1736 Verbis
354 1704 441 1736 sacri
467 1705 596 1737 canonis

261 1751 393 1793 Eripuit
418 1753 459 1785 ad
486 1762 609 1786 summa

305 1801 535 1840 Propalantem
547 1814 555 1843 3

174 1871 181 1880 .
215 1847 290 1880 Cum
320 1848 441 1881 eiulatu

261 1896 396 1929 daemon
425 1897 569 1930 chartam
592 1897 749 1939 reddidit,

211 1945 312 1985 Quam
337 1945 476 1979 liberato

261 1994 392 2034 praesul
418 1994 490 2033 pius
517 1993 664 2026 exhibuit

211 2040 318 2074 Noxia
342 2044 472 2080 patrata
498 2042 724 2074 continentem.

177 2125 183 2132 .
207 2097 348 2130 Domino
375 2097 483 2131 fidelis

254 2146 375 2187 gratias
401 2147 494 2187 plebs
521 2146 677 2186 reddidit,

214 2194 336 2227 Videns
362 2195 437 2226 almi
464 2195 623 2235 praesulis

259 2243 413 2276 virtutum
438 2242 653 2282 sanctitatem,

210 2291 296 2330 Quas
320 2292 355 2323 in
383 2294 541 2324 conventu
567 2290 708 2323 omnium

260 2340 343 2371 mire
367 2339 455 2371 Deus
483 2339 636 2377 ostendit,

213 2386 262 2419 Ob
289 2387 376 2427 quod
402 2387 471 2418 eius
496 2387 716 2419 adoraverunt

260 2434 357 2474 proni
382 2434 569 2467 bonitatem.

844 238 881 272 V.

853 713 885 747 1.

913 238 1016 271 Uxori
1040 238 1142 269 laetus

963 286 1110 317 redditur
1140 284 1283 329 maritus,

916 333 945 364 A
970 332 1170 365 matrimonio

964 381 1016 421 qui
1042 379 1201 412 iudicatus
1228 378 1335 419 quitus

912 427 990 459 Fuit
1014 429 1148 468 propter
1172 427 1384 467 iniquitatem.

979 571 1025 603 In
1050 572 1082 604 2.
1109 570 1338 604 Nocturno.

1060 645 1256 682 Antiphonae.

908 712 1112 746 Sacrificavit
1136 712 1326 745 sacrificium

910 760 1066 805 Iustitiae,
1092 761 1293 793 terrestrium

911 808 1008 848 Spem
1030 809 1212 848 adaequans
1236 809 1430 849 maestitiae,

910 856 947 888 In
970 866 1051 897 pace
1076 856 1257 896 requiescit,

911 903 969 936 Cui
994 904 1132 936 mundus
1157 903 1293 936 vilescit.

909 960 1088 993 Clamorem
1115 961 1182 992 eius

959 1009 1105 1041 Christus
1127 1007 1298 1050 intellexit,

909 1055 996 1088 Dum
1021 1056 1061 1088 ab
1087 1055 1160 1087 imis

957 1103 1062 1142 ipsum
1088 1111 1214 1134 sursum
1241 1103 1341 1145 vexit,

912 1150 977 1182 Ubi
1007 1150 1097 1182 nulla
1122 1150 1285 1183 maestitia

912 1198 977 1230 Sed
1000 1198 1035 1229 in
1060 1206 1171 1230 aevum

959 1246 1102 1277 cernitur
1125 1245 1261 1277 laetitia.

909 1302 1058 1335 Minuisti

910 1350 1009 1383 Paulo
1033 1351 1139 1382 minus
1164 1350 1205 1382 ab
1231 1350 1355 1391 angelis

907 1397 1075 1438 Basiliam,
1105 1398 1178 1430 dum
1204 1398 1333 1433 vestisti

907 1446 1080 1486 sandaliis,

907 1495 946 1528 In
969 1497 1025 1527 tuo
1053 1494 1129 1527 dum
1154 1502 1264 1526 amore

907 1542 998 1574 Vixit
1022 1543 1074 1575 hic
1099 1543 1169 1574 sine
1193 1545 1334 1581 torpore.

1040 1637 1253 1673 Responsoria.

909 1704 1064 1740 Confiteri
1094 1703 1229 1747 facinus,

906 1754 998 1794 Quod
1024 1763 1059 1786 os
1086 1756 1117 1785 et
1144 1762 1199 1785 cor
1226 1753 1363 1794 erubuit,

907 1802 1070 1843 Scriptum
1095 1805 1190 1842 pater
1215 1801 1319 1833 almus

906 1851 976 1884 iam
1003 1849 1173 1883 defunctus
1200 1849 1352 1890 abolevit,

906 1898 1000 1931 Mens
1026 1898 1217 1938 peccatricis

906 1945 986 1978 Visa
1021 1947 1133 1978 charta
1158 1944 1283 1986 gaudiis
1314 1944 1474 1988 intumuit,

908 1993 947 2026 In
979 2002 1039 2033 spe
1065 1992 1246 2025 dilectionis

908 2040 1057 2074 Dan-iter
1082 2039 1249 2080 requievit,

906 2088 976 2121 Deo
1003 2091 1110 2128 grates
1134 2086 1279 2119 referens

955 2135 1106 2175 iucunda,

906 2183 998 2224 Quod
1025 2183 1115 2223 prius
1142 2181 1362 2214 contrectabat

954 2229 1142 2270 furibunda,

907 2278 1079 2318 Spurcitiis

953 2334 1012 2365 pro
1038 2324 1161 2358 viribus
1186 2326 1260 2365 plus
1287 2326 1383 2360 cedit.

847 2386 880 2419 2,
902 2382 1023 2415 Felicis
1048 2383 1128 2414 hora
1154 2383 1230 2415 dum
1257 2384 1414 2416 transitus

954 2431 1241 2474 adpropinquaret,
