1655 2568
691 177 738 182 —--
785 157 853 192 286
901 175 948 179 -—

245 256 352 296 Festa,
377 255 439 296 piis
463 253 583 285 meritis

292 304 409 335 sanctis
432 302 518 342 iungi
544 310 729 334 mereamur.

368 377 412 404 Ad
434 374 610 412 Magnificat.

209 461 215 468 .
246 436 324 474 Ave,
348 436 469 473 martyr
494 433 641 473 pretiose,

249 482 343 514 Miles
370 480 486 513 Gluisti
512 480 658 520 gloriose,

293 530 372 567 Ave,
399 535 504 566 regum
531 527 642 568 gloria,

247 576 272 608 Ο
297 576 402 614 Erice,
429 582 485 604 rex
511 573 672 614 sueorum,

246 623 344 655 Posce
368 620 458 653 nobis
484 624 686 659 peccatorum

289 669 423 702 Veniam
449 671 480 698 et
503 668 627 707 gaudia.

302 792 362 823 Ad
398 790 660 822 Matutinum.

377 865 551 893 Invitatoriu
555 873 591 891 m.

245 920 403 955 Christum
427 922 614 961 suppliciter

290 970 452 1002 laudemus
479 969 507 1000 ei
531 969 709 1009 iubilantes,

243 1016 330 1048 Erici
353 1016 474 1056 pariter

289 1063 452 1095 sollemnia
477 1063 740 1096 concelebrantes.

298 1187 342 1218 ln
369 1187 399 1220 1.
426 1185 655 1218 Nocturno.

384 1260 578 1295 Antiphonae.

212 1343 219 1349 .
247 1318 345 1357 Opem
373 1317 489 1350 Christi
513 1315 636 1357 flagitat

292 1365 360 1397 Rex
388 1364 540 1396 ciliciatus

245 1412 289 1443 Et
314 1413 416 1444 carnis
441 1411 624 1450 subpeditat

292 1459 455 1498 Reprobos
481 1463 618 1490 conatus.

211 1539 218 1546 .
242 1515 336 1554 Aqua
360 1514 477 1557 frigens
502 1515 623 1555 iugulat

290 1562 359 1593 Vim
386 1562 589 1601 carnalitatis,

243 1609 352 1640 Virtus
379 1618 481 1649 regem
508 1610 630 1650 regulat

293 1656 434 1688 Moribus
458 1656 569 1688 beatis.

215 1738 221 1744 .
248 1712 413 1752 Tyrannos
439 1713 589 1745 audacior

291 1761 389 1791 Arcct
413 1762 444 1791 et
468 1764 606 1803 enervat,

242 1806 337 1837 Mites
361 1807 432 1846 ipse
455 1807 560 1839 mitior

291 1854 327 1885 In
353 1862 431 1893 paee
455 1857 628 1888 conservat.

377 1930 582 1963 Responsoria.

209 2011 215 2018 .
242 1985 305 2025 Ira,
332 1996 454 2025 rancor,
481 1986 585 2018 odium

289 2032 411 2066 Cedunt
436 2037 468 2065 et
491 2034 629 2066 ardescit

243 2078 301 2111 Dei
329 2081 519 2113 desiderium

290 2127 358 2159 Nec
381 2138 514 2168 unquam
542 2130 704 2174 torpescit,

243 2174 304 2205 Per
328 2176 386 2208 hoc
411 2174 487 2207 felix
512 2177 650 2208 studium

292 2221 423 2255 Scandit
448 2226 478 2254 et
505 2224 639 2257 ditescit.

205 2292 211 2299 .
241 2267 318 2301 Ideo
336 2270 482 2303 stabilita
498 2274 574 2303 sunt
590 2272 675 2304 bona
687 2273 791 2314 ipsius

241 2315 278 2346 in
302 2316 457 2351 Domina

208 2398 215 2405 .
241 2371 354 2404 Lucris
379 2374 531 2406 avaritiae

288 2420 347 2452 Pia
368 2430 456 2453 mens
481 2422 643 2456 abstracta

847 2133 889 2166 V.

862 2287 893 2318 2.

917 250 1030 283 Lucris
1056 249 1163 281 studet
1187 248 1310 288 gratiae

969 297 1107 331 Caelitus
1131 298 1302 335 pertracta,

924 345 1045 378 Cuncta
1069 344 1126 375 sub
1152 343 1274 375 iustitia

970 393 1060 425 Stant
1086 391 1219 432 pulchre
1244 391 1418 430 compacta.

921 440 988 473 Nec
1012 440 1093 479 iura,
1119 447 1178 470 nec
1202 437 1336 478 praedia

968 486 1075 520 Plebis
1100 488 1174 517 sunt
1195 485 1369 517 subtracta.

921 545 1010 577 Vana
1034 551 1169 584 pompae
1193 542 1337 582 practica

969 591 1157 629 Contempta
1184 590 1335 631 calcatur,

923 639 979 670 Pia
1002 639 1055 670 lex
1081 637 1224 677 angelica

968 685 1047 725 Regi
1073 685 1315 724 complantatur,

921 732 1014 764 Scala
1039 732 1118 763 caeli
1142 730 1268 763 fabrica

967 780 1091 811 Decens
1117 779 1163 810 sic
1187 781 1325 818 aptatur.

918 826 1128 859 Ascensiones
1152 826 1190 857 in
1212 825 1305 858 corde
1326 833 1384 857 suo
1410 824 1475 856 dis-

917 874 1027 914 posuit
1054 874 1090 905 in
1114 873 1198 905 valle
1224 872 1449 905 lacrimarum.

977 1014 1019 1047 In
1046 1018 1077 1049 2.
1104 1015 1341 1049 Nocturno.

1049 1099 1244 1136 Antiphonae.

887 1192 894 1199 .
921 1167 1011 1207 Pugil
1037 1165 1129 1198 fortis
1155 1166 1231 1199 fidei

965 1214 1046 1245 Dum
1071 1223 1129 1254 pro
1154 1214 1219 1247 fide
1244 1215 1337 1255 zelat,

919 1261 972 1293 Ad
997 1261 1189 1301 baptismum
1213 1261 1348 1303 provehi

968 1307 1110 1340 Perfidos
1135 1309 1272 1343 anhelat.

886 1390 893 1397 .
922 1366 1033 1397 Pacem
1061 1364 1152 1397 offert
1176 1366 1321 1398 hostibus

967 1413 1010 1444 Et
1035 1422 1178 1453 pugnans
1203 1414 1361 1456 procedit,

918 1460 1035 1491 Hostes
1062 1460 1179 1492 cadunt
1203 1461 1340 1500 ensibus,

968 1507 1045 1547 Regi
1070 1508 1192 1539 lucrum
1220 1509 1315 1543 cedit,

889 1588 895 1596 .
921 1563 1031 1595 Plorat
1053 1566 1176 1604 strages
1209 1565 1347 1597 hostium

966 1611 1057 1643 Motu
1080 1612 1208 1651 pietatis

918 1658 1008 1690 Dans
1033 1668 1129 1699 grave
1154 1660 1338 1702 suspirium,

968 1706 1058 1745 Quod
1084 1706 1149 1738 sint
1173 1716 1242 1738 cum
1267 1708 1437 1742 damnatis.

1052 1791 1259 1827 Responsoria.

886 1874 893 1881 .
922 1847 1048 1880 Cultum
1070 1851 1241 1884 idolatriae

967 1896 1078 1929 Cultor
1102 1899 1256 1931 trinitatis

918 1942 967 1974 De
992 1946 1079 1977 terra
1104 1946 1294 1979 Finlandiae

969 1991 1072 2032 Pellit,
1098 1994 1270 2026 illustratis

918 2038 1035 2070 Turbis
1062 2040 1143 2073 dono
1170 2042 1293 2082 gratiae

964 2085 1109 2128 Fideque
1134 2090 1289 2130 purgatis.

919 2133 1086 2168 Dominus
1121 2137 1210 2169 dabit
1235 2138 1476 2181 beniymtatem,

919 2183 947 2212 et
970 2184 1059 2214 terra
1082 2187 1197 2216 nostra
1219 2186 1307 2218 dabit
1333 2185 1481 2227 fructum

918 2237 1024 2264 suum.

920 2285 1094 2319 Precamur
1118 2296 1177 2327 per
1202 2290 1337 2323 vulnera

967 2334 1045 2375 Tua,
1072 2338 1196 2375 martyr
1219 2336 1348 2382 Christi,

920 2380 1025 2422 Purga
1047 2385 1157 2414 nostra
1181 2385 1313 2427 seelera,

968 2429 1059 2469 Quod
1084 2431 1241 2472 possimus
1267 2434 1337 2467 sisti
