1653 2567
712 105 942 139 -20,

308 204 355 236 In
382 206 412 237 2,
439 203 669 236 Nocturno.

389 298 584 334 Antiphonae.

192 376 225 408 1.
250 375 318 407 Hos
344 373 444 414 affligi
468 375 592 415 quando
617 375 699 406 vidit

247 422 420 460 Adrianus,
440 421 614 462 inquisivit,

248 469 334 508 Quae
358 478 430 508 spes
456 467 538 500 foret
564 469 696 508 praemii

243 516 306 548 Pro
332 518 421 548 tanta
446 516 477 548 vi
502 515 661 554 supplicii.

190 584 220 614 2.
249 581 386 620 Quorum
410 590 490 612 unus
516 581 562 612 sic
584 581 766 621 respondit:

251 628 338 661 Deus
363 628 454 661 nobis
479 628 558 660 haec
582 628 751 660 abscondit

252 675 364 716 Neque
387 676 502 715 pandit
526 675 644 707 homini

253 722 337 755 Civis
362 723 496 755 honores
522 722 640 755 caelici.

197 791 229 823 3.
254 789 315 821 His
334 789 400 827 jam
424 788 517 820 dictis
542 797 576 819 se
601 789 777 828 prostravit

251 836 470 876 Annotarique
494 836 618 875 rogavit

251 883 319 915 lllis
342 883 377 914 in
400 882 564 922 suppliciis

249 931 312 962 Pro
338 930 454 962 talibus
481 929 610 962 divitiis.

387 1033 592 1067 Responsoria.

197 1110 228 1144 1.
253 1110 278 1142 Ο
304 1118 396 1149 quam
417 1109 498 1141 mira

300 1156 362 1188 viri
386 1155 553 1196 professio,

252 1204 276 1236 Ο
302 1212 394 1243 quam
419 1212 532 1243 magna

298 1251 360 1282 Dei
386 1251 554 1293 concessio,

250 1297 314 1329 Hic
338 1298 404 1330 solo
430 1297 527 1330 verbo
553 1297 700 1338 credidit,

250 1344 339 1384 Quod
364 1345 397 1376 in
421 1344 571 1376 discendo
597 1345 718 1384 docuit,

180 1392 219 1424 V.
249 1391 457 1423 Benedictum
480 1400 592 1424 nomen
617 1391 688 1432 Dei,

252 1438 311 1478 Qui
336 1439 382 1470 sic
404 1439 572 1470 miseretur
596 1439 643 1470 rei

299 1486 345 1518 Et
368 1487 410 1518 ad
434 1484 529 1518 fidem
553 1486 675 1518 imbuit.

197 1554 227 1585 2.
251 1551 353 1592 Hujus
376 1561 434 1591 pro
459 1552 612 1591 martyrio

256 1598 306 1631 Sis
331 1602 439 1631 nostra
463 1600 607 1639 salvatio,

251 1646 322 1678 Iesu
345 1647 408 1690 pie,
436 1646 562 1678 Christe
586 1647 677 1686 bone,

255 1694 322 1725 Nos
349 1696 508 1725 consortes
534 1692 586 1724 fac
612 1701 745 1725 coronae

303 1741 351 1772 Tu
377 1741 460 1772 vitae
483 1743 666 1780 perpetuae,

187 1788 222 1821 V.
255 1787 314 1826 Qui
338 1788 496 1819 convertis
519 1790 714 1827 peccatores,

255 1833 358 1866 Effice
381 1843 439 1867 nos
462 1834 610 1866 meliores

303 1882 391 1914 Tuae
415 1882 485 1913 luce
510 1882 639 1922 gratiae.

201 1950 234 1982 3.
260 1947 308 1979 De
331 1948 418 1980 cuius
444 1956 648 1981 conversione

305 1995 436 2034 Quando
461 1995 577 2027 Caesar
598 1994 767 2035 intellexit,

259 2043 385 2082 Ingenti
408 2042 520 2083 plenus
543 2043 682 2074 motione

306 2090 421 2123 Verbis
437 2091 541 2123 saevis
557 2090 642 2122 hunc
659 2090 807 2133 correxit,

255 2139 374 2171 Putans
399 2147 458 2178 per
484 2138 681 2170 daemonium

258 2185 415 2217 Effectum
438 2187 501 2217 tam
526 2193 700 2219 erroneum.

187 2233 226 2267 V.
257 2232 316 2271 Qui
340 2233 461 2265 resistit
484 2233 679 2266 Maximiano

258 2280 349 2312 Actis
376 2282 408 2312 et
427 2280 570 2321 exemplo
596 2289 683 2319 sano,

260 2328 375 2359 Verum
399 2328 502 2361 Deum
528 2328 675 2368 adstruit,

260 2375 355 2415 Quem
383 2375 500 2408 Caesar
524 2375 639 2408 falsum
663 2375 776 2416 arguit.

992 200 1041 232 In
1067 201 1099 232 3,
1125 196 1355 229 Nocturno.

1072 291 1267 327 Antiphonae.

870 363 900 396 1,
924 361 1087 394 Adrianus
1113 359 1177 392 fide
1201 359 1324 398 plenus,

928 409 1038 440 Vanae
1059 407 1129 448 spei
1152 406 1285 444 alienus,

929 456 1024 488 Dicta
1048 455 1132 495 regis
1158 451 1327 492 vilipendit

926 503 971 535 Et
992 503 1027 534 in
1052 501 1147 534 factis
1172 498 1380 539 reprehendit

929 551 991 582 Pro
1017 550 1144 581 cultura
1167 547 1342 585 numinum,

928 598 1014 637 Quae
1040 597 1166 637 culpam
1190 598 1284 635 auget
1306 592 1484 625 criminum.

897 686 904 695 .
931 662 1026 695 Unde
1051 671 1108 694 rex
1133 660 1227 693 nimis
1253 659 1397 701 miratur,

928 709 1053 742 Fremit
1076 710 1161 741 totus
1185 710 1217 739 et
1240 706 1389 739 turbatur

929 757 1024 789 Hunc
1031 757 1072 788 ad
1081 755 1240 790 Christum
1249 756 1295 787 sic
1302 762 1487 786 conversum

928 804 975 835 Et
998 813 1017 835 a
1041 804 1106 836 suis
1135 804 1196 835 <liis
1223 803 1394 834 diversum.

896 893 904 901 .
927 869 972 901 Et
995 869 1137 909 torqueri
1162 867 1252 900 iubet
1278 867 1347 900 dire

933 915 1010 948 Cum
1034 914 1233 956 flagellisque
1258 914 1366 957 ferire,

931 962 1021 1002 Quod
1048 965 1221 1001 eruperunt
1245 963 1369 994 viscera

932 1009 1123 1050 Sanguinem
1148 1008 1289 1042 fluentia.

1069 1104 1277 1139 Responsoria.

896 1197 904 1204 .
930 1172 996 1211 Quo
1023 1170 1166 1211 perfecto
1189 1170 1331 1210 Natalia,

932 1218 1022 1251 Uxor
1047 1219 1113 1250 eius
1138 1218 1233 1250 valde
1257 1219 1323 1261 pia,

932 1266 1012 1297 Adit
1035 1266 1128 1304 hunc,
1153 1268 1190 1297 ut
1215 1265 1405 1304 consoletur,

931 1312 982 1344 Ne
1006 1321 1065 1352 pro
1088 1313 1200 1353 poenis
1225 1316 1393 1352 separetur

978 1361 1009 1392 A
1034 1359 1110 1392 fidei
1133 1360 1317 1402 munimine,

933 1408 996 1440 Pro
1022 1416 1083 1447 quo
1110 1407 1239 1448 dignum
1266 1406 1435 1440 confitetur

982 1454 1100 1488 Christi
1124 1454 1206 1487 mori
1230 1455 1366 1489 nomine.

896 1528 903 1536 .
935 1501 1030 1534 Cuius
1055 1504 1146 1543 gesta
1169 1502 1329 1535 nuntiavit

981 1550 1180 1582 Christicolis
1204 1550 1237 1581 in
1265 1559 1402 1590 carcere,

935 1597 1018 1635 Quos
1044 1600 1226 1629 constanter
1252 1597 1417 1631 roboravit

982 1646 1058 1678 Pari
1083 1645 1305 1683 consolamine,

931 1691 982 1723 Ne
1008 1690 1166 1735 diffidant,
1194 1692 1252 1724 sed
1268 1693 1331 1724 iam
1351 1692 1486 1724 credant

979 1739 1018 1770 In
1041 1739 1121 1780 Deo,
1146 1747 1223 1771 vero
1249 1740 1378 1772 lumine.

902 1832 908 1838 .
933 1804 1116 1836 Maceratus
1145 1804 1318 1848 Adrianus,

984 1851 1114 1885 Carceri
1139 1852 1358 1893 committitur,

936 1898 1027 1931 Uxor
1053 1899 1120 1930 eius
1146 1899 1220 1931 hinc
1243 1900 1358 1931 timore

983 1945 1089 1978 Nimio
1115 1946 1299 1988 corripitur,

936 1993 1064 2025 Timens
1089 1994 1232 2034 multum,
1260 1994 1334 2034 quia
1357 1995 1462 2028 laesus

984 2041 1149 2073 Cruciatus
1177 2046 1345 2081 sperneret

936 2088 981 2120 Et
1004 2088 1051 2120 sic
1075 2097 1195 2120 memor
1220 2092 1344 2122 tantum
1371 2099 1483 2124 caesus

983 2136 1099 2168 Votum
1124 2145 1214 2168 suum
1240 2137 1404 2177 perderet.

897 2206 904 2213 .
938 2182 996 2215 Cui
1021 2181 1107 2215 fatur
1132 2183 1211 2216 haec
1235 2188 1397 2220 matrona:

938 2230 1034 2263 Certa
1059 2233 1163 2263 certus
1190 2241 1247 2273 pro
1275 2242 1391 2267 corona

984 2278 1056 2310 Hac
1081 2279 1348 2320 immarcessibili,

938 2325 1024 2364 Quae
1049 2324 1212 2360 confertur
1236 2330 1438 2363 tormentatis

985 2374 1024 2406 In
1046 2383 1103 2414 spe
1127 2374 1209 2415 iugis
1236 2377 1380 2416 praemii.
