1653 2567
723 172 983 207 —166—

267 270 381 310 Sicque
397 269 489 302 nobis
506 271 579 309 post
589 269 672 300 hanc
686 271 820 300 mortem
1071 264 1117 293 Ad
1136 265 1321 294 Benedictus.

266 318 460 359 Angelorum
487 315 596 349 confer
619 318 737 348 sortem
879 314 919 346 A.
952 314 1100 355 Birgitta‚
1128 323 1246 354 sponsa
1272 314 1390 347 Christi

313 366 351 397 In
377 365 514 397 aeternis
538 364 672 404 gaudiis.
999 361 1180 402 Nostraque
1205 365 1350 402 patrona,

952 409 1037 449 Quae
1062 409 1141 442 felix
1162 410 1306 441 meruisti

389 449 435 476 Ad
454 448 635 484 Magnificat.
999 456 1126 489 Summa
1151 457 1231 489 caeli
1258 457 1350 500 dona,

197 507 238 538 A.
269 507 405 547 Christe,
431 506 599 546 Birgittam
625 505 772 545 petimus,
949 504 1014 536 Fer
1039 514 1096 537 nos
1123 505 1162 537 de
1187 505 1304 537 mundo
1330 506 1418 538 tristi

313 554 413 585 Tuam
438 562 584 593 sponsam
612 555 644 584 et
668 555 783 595 natam,
998 552 1067 584 Tua
1092 561 1188 592 prece
1212 561 1314 592 prona

266 600 312 633 Ut
335 601 426 632 nobis
451 603 561 640 poscat
587 600 732 632 omnibus
952 599 996 631 Et
1021 598 1074 631 fac
1096 600 1130 631 in
1157 600 1244 632 caelo
1267 600 1337 632 sisti

314 648 429 680 Sedem
455 648 534 679 caeli
558 650 713 688 paratam.
999 647 1135 679 Ornatos
1162 655 1287 680 corona.

270 714 353 741 Brev.
374 721 427 740 ms.
447 713 667 740 Paradisiacum
689 720 763 740 saec.
776 710 820 739 15.
852 712 921 739 Cod.
944 712 1133 740 Laurentian.
1150 712 1240 739 Conv.
1265 720 1328 747 sup.
1342 710 1407 740 459.
1422 713 1456 740 A.
1471 728 1508 731 —

194 751 284 778 Psalt¹
306 759 360 778 ms.
382 749 411 777 S.
431 751 545 778 Mariae
565 750 601 778 ad
620 751 761 778 Arborem
782 758 857 777 saec.
873 747 917 778 15.
952 750 1021 778 Cod.
1044 749 1180 777 Sancten.
1196 750 1267 786 Reg.
1282 751 1360 778 XVI.
1382 748 1448 779 213
1471 766 1509 770 -

194 789 235 816 In
265 786 415 817 1.'N00t.
445 787 467 815 Α
488 788 502 816 1
529 789 602 816 fehlt
626 789 666 823 133
694 788 779 815 daffir
805 788 848 815 als
878 786 900 814 Α
928 786 946 816 3
972 788 1077 824 Specie
1100 790 1152 815 tua
1170 791 1201 816 et
1220 788 1438 823 pulchritudine
1457 792 1510 817 tua

196 829 249 854 etc.
277 841 312 846 —
339 827 381 854 In
407 824 434 854 3.
454 827 554 855 Noct.
587 824 607 852 Β
631 824 655 860 1,
675 824 696 853 4
722 827 820 862 arguit
841 827 874 853 B.
902 841 939 845 —
968 824 988 852 R
1012 824 1036 859 1,
1057 824 1074 853 5
1102 826 1251 854 consuluit
1270 827 1303 854 B.
1330 841 1368 845 —
1397 825 1417 853 R
1443 825 1470 863 2,
1490 826 1510 855 4

196 864 304 900 Stupor
329 865 402 892 fehlt
425 865 458 891 B.
480 879 517 883 —
539 862 559 890 R
581 862 598 892 3
618 865 772 899 prosaisch
789 864 850 892 AB.
877 879 914 883 —
941 865 998 892 Die
1018 862 1066 890 ΑΑ
1086 873 1139 900 per
1159 864 1301 892 Octavam
1327 865 1381 892 hat
1398 874 1454 892 nur
1475 866 1508 893 A.

195 903 253 930 Die
270 912 336 930 zum
351 902 485 931 Officium
506 902 666 938 gehtirigen
679 903 817 938 Hymnen
831 902 880 930 cfr.
894 902 979 930 Anal.
995 902 1106 936 XXIII,
1131 900 1183 930 150
1198 911 1241 939 sq.
1258 918 1296 922 —
1316 903 1383 930 Den
1396 903 1510 931 Namen

198 941 248 968 der
271 941 413 977 Heiligen
433 941 562 968 schreibt
581 942 607 967 A
627 942 698 968 stets
718 940 850 977 Brigitla.

649 1038 695 1069 58.
727 1037 771 1068 De
791 1037 901 1068 sancta
921 1036 1069 1078 Birgitta.

332 1107 378 1139 In
403 1109 433 1140 1.
460 1108 683 1147 VesperiS.
895 1109 926 1140 5.
951 1107 1016 1139 Piis
1044 1108 1169 1140 devicta
1193 1107 1342 1149 precibus

472 1183 478 1189 ,
952 1154 1103 1186 Ministra
1129 1155 1303 1187 viatoribus

299 1240 305 1246 ι
350 1240 355 1245 Ι
410 1182 606 1246 Anuphonae:
667 1240 673 1246 ¹
1000 1202 1122 1244 Potum,
1149 1202 1297 1234 Rebecca
1321 1202 1458 1243 sapiens,

210 1239 242 1273 1.
268 1240 435 1279 B1rg1ttae‚
461 1242 572 1271 matrls
597 1240 730 1273 mchtae
952 1249 1028 1280 Tuis
1054 1250 1249 1282 orationibus

267 1286 366 1318 Festa
389 1287 529 1318 iucunda
553 1288 680 1328 suscipe
952 1295 1001 1327 De
1025 1297 1171 1336 supernis
1198 1297 1360 1329 canalibus

315 1333 474 1373 Gfflldfflss,
501 1337 603 1366 mater
629 1334 773 1377 ecclesia,
998 1344 1106 1383 Aquas
1132 1344 1243 1376 salutis
1268 1344 1427 1376 ham-iens,

267 1381 366 1420 Quam
392 1381 555 1413 decoravit
578 1382 673 1413 hodie

265 1427 412 1460 Summae
439 1428 524 1460 Deus
549 1429 734 1461 clementiae
1070 1418 1116 1446 Ad
1135 1418 1315 1455 Magnificat.

317 1475 473 1515 Suprema
498 1476 577 1508 caefi
601 1477 712 1517 g10rja·
879 1467 918 1500 A.
949 1467 1097 1507 Birgitta‚
1125 1467 1244 1499 Christi
1267 1465 1389 1500 famula

998 1514 1121 1546 Fidelis
1145 1516 1180 1546 in
1204 1513 1322 1555 officio,

211 1562 241 1593 2.
268 1561 375 1593 Invita
398 1570 455 1592 nos
477 1562 517 1594 ad
542 1562 670 1601 nuptias
948 1562 997 1594 Tu
1020 1562 1099 1595 felix
1123 1562 1220 1594 Anna
1243 1562 1341 1594 vidua

260 1608 353 1650 Agni⁷
383 1608 490 1640 dulces
518 1609 648 1641 delicias
999 1609 1125 1650 Templi
1149 1618 1267 1642 vacans
1292 1609 1434 1650 servitio,

311 1654 449 1687 Gustans
475 1665 592 1696 sponsa
617 1657 795 1698 placabilis,
952 1657 1073 1689 Rachel
1099 1665 1206 1689 amore
1231 1656 1367 1697 fervida,

262 1702 458 1742 Pauperibus
484 1704 643 1743 primitias
998 1704 1094 1736 Iacob
1121 1705 1252 1744 placens
1280 1705 1450 1746 consortio,

260 1749 410 1793 Frugum‚
439 1751 519 1782 caeli
545 1751 672 1783 divitias
950 1751 1042 1784 Salus
1068 1753 1206 1792 aegrotis
1231 1753 1372 1793 placida,

308 1797 369 1837 Da,
398 1797 525 1829 domina
549 1798 730 1830 laudabilis.
995 1799 1128 1831 Devotis
1155 1800 1339 1843 consolatio,

441 1882 447 1888 ·
543 1883 549 1889 ¹
569 1883 575 1889 ι
950 1846 1128 1886 Splendens
1153 1847 1307 1879 iustorum
1334 1848 1457 1887 semita,

208 1883 238 1914 3-
266 1881 315 1913 TU
339 1882 450 1921 POPUll
475 1883 608 1922 laetltla,
996 1894 1192 1926 Maestorum
1217 1895 1385 1935 recreatio,

264 1929 374 1961 Iudith
399 1938 532 1969 sequens
559 1931 702 1971 vestigia,
947 1941 1022 1973 Fiat
1045 1950 1104 1981 per
1129 1944 1185 1973 tua
1208 1942 1323 1974 merita

310 1976 359 2008 TU
385 1977 579 2009 CODSOIatI'iX
603 1978 736 2032 Ρὲξΐΐὶἃθ,
998 1988 1098 2021 Grata
1121 1992 1233 2021 nostra
1259 1990 1397 2031 devotio,

260 2024 322 2076 Pel-⁴
345 2026 386 2063 ῒθ,
413 2026 523 2056 nostra
546 2024 674 2079 fiducia,
947 2036 1034 2076 Quae
1057 2045 1181 2068 reseras
1207 2037 1405 2077 abscondita,

260 2071 336 2103 RfflS
363 2072 500 2104 donetur
524 2081 617 2104 Vfflssa
998 2083 1064 2116 Nos
1091 2083 1168 2116 offer
1193 2085 1273 2117 lucis
1299 2085 1400 2118 radio.

309 2118 360 2150 De
382 2119 536 2160 largitore
558 2121 678 2153 veniae.

200 2206 232 2238 4.
259 2204 348 2236 Haec
374 2208 422 2237 est
445 2209 573 2237 sensata
596 2206 720 2245 mulier,
1018 2180 1049 2211 A
1061 2179 1081 2211 d
1106 2180 1143 2212 M
1153 2189 1171 2212 a
1180 2183 1195 2212 t
1203 2190 1225 2212 U
1233 2183 1267 2212 tl
1275 2190 1296 2213 n
1306 2191 1327 2213 u
1336 2191 1378 2214 m'

259 2251 360 2284 Stella
384 2253 555 2293 splendens
581 2258 617 2287 ut
642 2253 767 2295 lucifer,
1086 2246 1301 2274 Invitatorium.

306 2300 452 2333 Lucerna
475 2302 733 2345 pulchritudinis,
949 2303 1074 2336 Christo
1100 2305 1170 2345 regi
1195 2314 1266 2337 cum
1288 2306 1389 2339 iubilo

261 2347 362 2386 Quam
386 2349 545 2389 poscimus
571 2348 720 2389 fideliter,
997 2351 1173 2384 Psallentes
1199 2354 1405 2398 exsultemus,

264 2395 309 2428 Ut
335 2396 426 2428 nobis
452 2395 568 2430 fundat
592 2398 707 2438 iugiter
949 2398 1047 2438 Quem
1071 2409 1130 2440 pro
1157 2409 1294 2441 sponsae
1319 2405 1490 2444 praeconio

311 2443 393 2475 Suae
419 2445 522 2476 stillas
550 2446 738 2480 dulcedinis,
996 2447 1168 2480 Laetantes
1194 2449 1374 2485 adoremus,
