1653 2567
696 97 934 132 -67,

172 194 205 226 4.
235 192 293 224 Die
318 193 456 232 quadam
483 194 707 227 encaeniorum

231 241 368 274 Intravit
393 241 536 273 ioacliim
563 245 674 275 sancta
697 252 788 275 sanc-

560 292 676 332 torum,

232 337 301 369 Deo
326 340 363 368 ut
389 336 481 369 daret
506 346 640 369 munera

232 384 413 417 Secundum
437 384 517 425 legis
542 382 685 420 foedera.

199 470 206 478 ,
234 443 366 474 Isachar
391 442 474 474 dixit
499 442 541 474 ad
565 441 725 475 Ioachim:

234 489 307 522 Non
333 489 446 522 offeres
471 490 552 530 Deo,
579 491 696 522 etenim

233 538 306 570 Non
332 536 439 569 fecisti
464 547 571 569 semen
597 539 630 570 in
654 538 767 581 Israel,

233 586 282 618 Te
300 585 470 618 maledixit
494 585 664 619 Emanuel.

371 661 580 698 Responsoria.

196 747 203 754 .
229 720 426 760 Nazarenus,
452 720 567 752 Annae
591 723 694 762 pater,

278 768 374 800 Vitae
398 769 449 800 vir
474 768 620 810 egregiae

233 815 320 854 Fuit,
347 824 388 847 ex
411 816 601 848 Bethlehem
625 819 728 849 mater

276 863 391 903 Regali
416 864 577 905 progenie.

191 938 198 945 .
232 911 411 951 Oportebat
435 910 523 944 illam

283 959 378 1000 digno
403 960 493 991 nasci
518 960 648 1000 semine,

233 1007 286 1039 Ex
311 1016 374 1047 qua
399 1007 516 1039 mundo
542 1008 630 1040 nasci
655 1008 775 1041 munda

283 1054 424 1086 debebat
445 1063 465 1087 a
490 1055 632 1090 crimine.

198 1137 206 1145 .
231 1111 317 1143 Dum
342 1114 451 1143 oraret
475 1120 546 1143 cum
571 1112 712 1152 singultu

231 1159 325 1191 Felix
350 1161 455 1200 Anna,
481 1159 577 1199 plena
601 1160 701 1199 luctu,

230 1206 323 1240 Dixit
348 1207 378 1238 ei
404 1207 552 1248 angelus:

231 1254 308 1287 Noli
330 1252 409 1286 flere
434 1254 579 1299 amplius⁷

190 1329 196 1335 .
229 1302 313 1334 Nam
339 1303 490 1334 exaudita
515 1311 559 1343 es,

231 1350 401 1390 Concipies
427 1353 460 1382 et
483 1351 591 1390 paries

231 1398 404 1431 Pulchram
427 1401 572 1430 sanctam
593 1397 704 1437 filiam,

231 1446 370 1479 Vocabis
397 1454 466 1477 eam
492 1446 640 1479 Mariam.

195 1529 203 1537 .
229 1504 346 1536 Preces
372 1506 447 1535 tuae
468 1505 543 1535 sunt
568 1505 720 1542 acceptae

276 1552 310 1583 in
338 1554 510 1590 conspectu
536 1550 676 1591 Domini,

232 1599 305 1631 Non
330 1598 463 1640 dolebis,
490 1599 548 1630 sed
573 1598 727 1640 gaudebis

277 1647 426 1679 immunis
451 1646 626 1687 opprobrii.

191 1718 197 1725 .
230 1695 315 1728 Gara
339 1694 419 1734 Deo,
446 1696 543 1728 Anna

229 1743 352 1776 Mundo
377 1743 466 1783 pium
492 1742 584 1775 nobis

276 1790 367 1824 dabis
393 1800 518 1825 manna.

285 1917 331 1950 In
360 1918 391 1950 2.
419 1916 648 1951 Nocturno.

373 1992 571 2029 Antiphonae.

194 2077 200 2084 .
226 2051 422 2085 Infecundos
448 2061 517 2084 cum
543 2050 691 2085 fecundis

274 2109 342 2133 mos
367 2109 432 2133 non
457 2104 526 2132 erat
550 2101 676 2141 sistere,

226 2148 297 2181 Nisi
322 2148 410 2180 Deus
438 2149 530 2183 daret
552 2148 617 2181 illis

274 2197 363 2238 prius
385 2197 509 2237 prolem
531 2197 671 2237 gignere.

193 2282 199 2289 .
227 2254 300 2287 Hoc
324 2254 467 2287 Ioachim
494 2254 704 2287 conturbatur

276 2301 426 2336 confusus
453 2302 639 2343 opprobrio,

226 2353 324 2393 Quem
350 2350 498 2392 pontifex
523 2353 723 2392 protestatur

273 2400 442 2441 indignum
467 2399 581 2441 elogio.

860 196 891 228 3.
916 192 1143 233 Exprobrabat
1170 196 1200 224 et
1227 192 1352 225 dicebat

965 242 1051 273 hunc
1072 240 1167 273 valde
1191 249 1407 282 praesumere,

920 290 979 329 Qui
1004 289 1151 321 fecundis
1174 287 1384 321 infecundum

965 337 1120 377 sperabat
1145 337 1346 377 coniungere.

888 432 894 439 .
920 404 994 436 Non
1018 408 1163 446 naturae,
1189 404 1247 436 sed
1271 404 1399 444 peccati

967 452 1054 484 ultor
1079 454 1183 483 exstat
1207 451 1373 491 Dominus,

921 499 985 532 Sed
1010 501 1135 531 uterum
1162 508 1232 531 cum
1252 499 1413 532 interdum

967 546 1105 579 obstruit
1129 547 1274 587 alicuius,

920 594 975 627 Ad
998 595 1061 626 hoc
1086 594 1174 635 facit,
1201 598 1237 626 ut
1260 604 1320 635 per
1343 596 1446 636 ipsum

966 644 1098 683 reparet
1119 643 1153 675 in
1177 644 1302 676 melius.

887 738 893 745 .
918 710 1045 742 Dilatos
1072 709 1127 742 diu
1152 713 1324 750 conceptus

967 760 1001 788 et
1023 757 1150 789 steriles
1173 761 1287 797 partus

918 805 1007 837 Dicit
1033 805 1144 837 doctor
1169 814 1245 837 vere

968 852 1117 885 meliores
1142 861 1212 885 esse
1237 853 1351 885 solere.

886 948 893 955 .
922 921 976 952 Ad
1003 921 1064 952 hoc
1090 920 1211 951 claudit
1234 920 1390 952 Dominus

922 969 1056 1002 Uterum
1081 967 1226 1007 alicuius,

921 1016 967 1049 Ut
992 1016 1094 1047 denuo
1119 1016 1243 1055 aperiat

920 1063 1118 1102 Mirabssius,

921 1111 966 1143 Et
986 1111 1033 1150 id,
1059 1111 1145 1150 quod
1167 1110 1273 1150 datur,

919 1158 991 1191 Non
1022 1166 1092 1189 esse
1116 1157 1271 1201 libidinis,

920 1205 985 1238 Sed
1010 1205 1109 1238 divini
1134 1206 1274 1238 muneris

919 1256 1145 1294 cognoscatur.

1058 1339 1266 1374 Responsoria.

860 1398 892 1431 1.
919 1397 970 1430 Ex
994 1396 1055 1429 hoc
1078 1400 1186 1429 autem
1206 1397 1380 1437 opprobrio

915 1444 1057 1478 Ioachim
1084 1445 1195 1484 pulsus
1221 1445 1330 1485 nimio,

918 1492 1032 1525 Statim
1057 1492 1193 1525 intravit
1218 1500 1367 1536 eremum,

912 1540 963 1574 Ibi
986 1544 1023 1572 ut
1047 1544 1155 1573 oraret
1178 1540 1368 1584 Dominum;

845 1589 884 1622 V.
915 1588 1044 1621 Pudore
1068 1587 1204 1620 suffusus

965 1647 986 1669 a
1008 1637 1129 1676 templo
1156 1637 1291 1669 recessit

917 1683 962 1717 Et
986 1685 1027 1717 ad
1055 1693 1196 1716 eremum

964 1732 1070 1765 subito
1097 1732 1264 1765 concessit.

857 1802 887 1834 2.
918 1799 1060 1840 Cumque
1084 1798 1178 1831 fleret
1200 1800 1235 1832 in
1263 1801 1404 1841 deserto,

964 1848 1057 1880 Dixit
1082 1849 1111 1880 ei
1136 1849 1286 1888 angelus:

917 1895 1070 1939 Ioachim,
1099 1896 1182 1928 habe
1203 1905 1262 1936 pro
1289 1900 1387 1938 certo,

963 1944 1101 1977 Audivit
1124 1946 1157 1976 te
1180 1944 1347 1986 Dominus,

844 1994 884 2028 V,
915 1993 1011 2032 Ecce,
1037 2001 1175 2033 namque
1197 2001 1279 2025 uxor
1303 1996 1361 2025 tua

920 2040 1088 2081 Concipiet

916 2088 962 2121 Et
985 2089 1093 2130 pariet
1117 2087 1227 2122 filiam.

858 2158 889 2190 3.
918 2156 1016 2188 Vobis
1043 2165 1169 2197 quoque
1193 2156 1388 2189 nascituram

965 2204 1061 2236 Nunc
1085 2213 1241 2244 praesago
1266 2203 1366 2236 filiam

916 2252 978 2284 Dei
1003 2256 1138 2284 matrem
1164 2251 1235 2284 fore
1260 2256 1395 2296 gratam,

965 2300 1081 2340 Specie
1106 2300 1364 2342 pulcherrimam,

845 2348 885 2383 V.
920 2348 1084 2381 vocabitis
1108 2349 1193 2381 hanc
1216 2349 1367 2388 Mariam,

920 2396 1035 2430 Gratia
1062 2396 1241 2433 mirificam.

1264 2453 1282 2483 5
1296 2459 1299 2471 ι
