1653 2567
710 117 945 155 *39-

361 211 408 241 Ad
426 213 607 249 Magnificat.

165 271 205 302 A.
239 269 388 302 Gaudeat
412 270 504 310 plebs
531 272 711 306 orthodoxa

239 317 316 349 Sine
339 318 424 358 labe,
450 319 521 350 sine
543 328 630 351 noxa

239 366 437 398 Iucundetur
462 366 566 398 clerus
589 369 674 399 totus

239 413 284 445 Et
308 422 392 445 nunc
416 413 486 445 Deo
512 414 555 445 sit
581 414 732 458 devotus,

237 461 348 493 Amati
372 460 502 493 festalia

240 508 388 542 Celebret
414 509 559 551 ecclesia,

239 555 395 589 Concinat
418 565 490 588 cum
515 557 657 590 melodia

237 604 342 636 Melos
369 604 500 646 clarum,
528 604 680 639 Alleluia.

300 690 366 722 Ad
390 690 660 724 Matutinum.

374 765 592 794 Invitatorium.

238 823 413 856 lubilemus
437 824 562 864 vigiles,

235 871 362 914 Fortes,
389 880 493 911 senes,
522 871 655 911 debiles,

235 919 281 950 Et
304 920 457 951 Amatum
484 920 662 960 praesulem

234 967 418 999 Laudemus
445 970 477 998 et
501 967 662 1000 humilem.

298 1062 344 1094 In
370 1062 400 1095 1.
428 1061 668 1095 Nocturno.

378 1136 576 1173 Antiphonae.

176 1195 206 1228 1.
233 1194 284 1226 Ex
311 1194 412 1227 nobili
438 1195 540 1235 stirpe
565 1197 659 1226 natus

232 1242 297 1273 Hic
319 1246 430 1275 noster
455 1242 584 1282 praesul
609 1242 745 1274 Amatus

233 1289 302 1322 Deo
327 1299 409 1330 puer
435 1293 482 1321 est
509 1291 635 1323 oblatus

231 1338 261 1369 A
286 1341 389 1378 patre,
417 1338 470 1379 qui
495 1340 638 1371 voverat.

173 1397 203 1428 2.
228 1395 430 1436 Agaunensis
455 1394 599 1428 coenobii

231 1443 287 1475 Ad
313 1444 465 1476 honorem
490 1443 638 1475 Mauritii

231 1490 332 1523 'Ducis
357 1490 463 1524 factus
488 1494 539 1522 est
561 1491 736 1524 monachus

233 1539 299 1571 Sub
324 1539 493 1571 Benedicti
517 1539 639 1581 regula.

173 1597 204 1629 3.
231 1595 400 1628 Davidicis
427 1598 459 1627 et
484 1596 556 1628 aliis

231 1642 341 1675 Libris
367 1643 479 1684 sacris,
506 1643 635 1684 vigiliis,

232 1691 415 1723 Virtutibus
442 1692 565 1723 eximiis

233 1739 317 1771 Puer
342 1748 434 1771 sacer
458 1740 621 1778 imbuitur,

227 1786 273 1820 Et
297 1787 371 1827 plus
397 1796 524 1828 semper
548 1785 724 1828 perficitur.

369 1865 578 1900 Responsoria.

172 1922 202 1955 1.
229 1922 340 1955 Prima
364 1931 423 1954 sua
446 1922 612 1954 iuventute

231 1970 360 2002 Pollens
385 1970 521 2003 Amatus
547 1969 666 2002 virtute

229 2017 382 2051 Eremum
408 2017 601 2061 concupivit,

229 2066 375 2099 Montem
400 2066 487 2098 solus
512 2065 683 2098 accersivit

229 2114 403 2148 Iohannem
428 2114 595 2154 imitando,

155 2163 194 2195 V.
227 2163 359 2202 Sprevit
381 2162 495 2194 mundi
520 2161 682 2194 consortia

228 2210 314 2243 Puer
338 2211 408 2243 sine
432 2210 566 2243 malitia.

167 2270 198 2302 2.
225 2268 278 2302 Ab
306 2268 425 2300 abbate
448 2268 633 2308 requisitus,

227 2316 273 2349 Ut
298 2325 370 2348 cum
395 2324 492 2357 grege
517 2317 709 2353 revertatur,

227 2365 337 2399 Armis
362 2364 425 2397 Dei
451 2366 501 2396 est
523 2363 665 2396 munitus

227 2412 298 2445 Nec
323 2412 428 2446 credit
452 2411 639 2451 blanditiis;

858 217 895 249 V.

870 369 900 402 3.

925 216 995 248 Deo
1020 213 1142 247 servire
1168 212 1298 253 cupiens

924 263 969 295 Et
994 263 1100 303 iugum
1124 261 1196 293 leve
1220 259 1348 292 subiens

926 310 1102 343 Discedere
1126 307 1295 340 recusavit.

927 367 1018 399 Tunc
1040 374 1100 407 pro
1123 365 1210 397 victu
1235 364 1296 396 sibi
1322 365 1382 397 soli

927 416 973 449 Ut
996 413 1147 455 adquirat
1170 414 1255 446 viam
1279 413 1357 454 poli,

926 463 1046 495 Panem
1072 470 1143 493 cum
1168 460 1300 501 lympha
1324 460 1467 500 postulat

927 510 965 542 In
995 509 1103 542 triduo
1128 508 1313 542 ministrari.

929 556 1007 589 Cum
1032 556 1082 589 his
1109 556 1188 588 cibis
1212 555 1371 591 utebatur,

927 604 1066 644 Spiritus
1089 603 1334 636 iucundabatur.

990 701 1037 733 In
1064 701 1097 733 2.
1123 699 1352 733 NocturnO.

1069 763 1268 799 Antiphonae.

895 848 902 855 .
929 823 1008 856 Cum
1033 823 1202 862 fatigatum
1226 822 1353 855 videret

926 871 971 903 Et
996 870 1080 912 quod
1106 871 1255 902 sudorem
1280 871 1451 910 praeberet

927 919 1076 959 Nuntius,
1104 918 1157 958 qui
1183 918 1287 951 cibum
1315 922 1432 961 portat,

926 966 1157 1006 Compatiendo
1183 966 1288 998 labori

926 1015 1034 1054 Atque
1061 1013 1163 1044 nuntii
1189 1013 1298 1046 sudori

925 1062 1040 1095 Preces
1066 1059 1151 1092 fudit
1174 1060 1323 1093 Domino.

923 1118 969 1151 Ut
993 1118 1123 1158 Moyses
1149 1119 1277 1150 sanctus
1301 1119 1404 1150 undas

924 1167 1027 1198 Prece
1051 1163 1130 1197 fecit
1153 1164 1246 1198 fundi
1272 1167 1406 1198 mundas

924 1213 974 1245 De
999 1216 1093 1253 petra
1119 1212 1300 1253 durissima,

924 1260 978 1293 Sic
1001 1261 1112 1292 Amati
1134 1269 1232 1300 prece
1257 1269 1340 1300 pura

923 1308 974 1340 De
999 1312 1093 1348 petra
1117 1317 1271 1347 percussa
1300 1308 1381 1340 dura

924 1356 1039 1388 Manat
1067 1364 1170 1396 aquae
1195 1356 1295 1395 copia.

926 1414 1101 1454 Tugurium
1129 1413 1333 1456 construitur,

924 1461 1033 1493 Minor
1058 1470 1207 1493 mensura
1232 1461 1390 1493 scinditur

924 1508 1038 1548 Trabs,
1058 1517 1149 1549 quae,
1173 1509 1300 1549 quando
1321 1518 1485 1540 mensura-

1257 1558 1321 1594 tur,

923 1605 1022 1637 Prece
1045 1603 1148 1635 sancti
1173 1603 1392 1643 prolongatur.

1060 1669 1273 1705 Responsoria.

891 1746 898 1753 .
925 1720 1044 1751 Saxum
1070 1719 1231 1758 quoddam
1256 1718 1385 1760 mobile,

921 1768 1088 1808 Adspectu
1113 1766 1268 1807 terribile,

921 1816 1015 1848 Iussu
1038 1815 1143 1847 sancti
1166 1813 1203 1846 fit
1228 1814 1355 1853 stabile,

923 1863 1013 1902 Quod
1039 1871 1133 1895 ruere
1156 1863 1220 1894 iam
1247 1869 1413 1902 coeperat3

920 1910 953 1943 A
978 1910 1124 1944 Domino
1159 1910 1286 1951 factum
1319 1914 1364 1943 est
1392 1910 1483 1942 istud

923 1962 951 1992 et
968 1962 1013 1991 est
1024 1957 1174 1990 mirabile
1186 1958 1223 1989 in
1238 1957 1340 1991 oculis
1352 1958 1483 1992 vostris.

920 2017 1129 2057 Quadrageno
1153 2015 1272 2047 ieiunio

919 2065 987 2104 Quo
1011 2063 1114 2096 maior
1139 2063 1183 2095 sit
1205 2061 1349 2106 afflictio,

922 2113 986 2145 Sex
1009 2111 1132 2144 nucleis
1156 2111 1318 2153 utebatur,

919 2160 982 2192 Die
1003 2167 1128 2200 quaque
1153 2160 1365 2197 contentatur,

919 2206 1096 2240 Ieiunando
1122 2209 1155 2237 et
1178 2205 1311 2247 orando,

922 2255 1080 2288 Continue
1104 2253 1280 2286 laborando

923 2303 1046 2343 Corpus
1072 2310 1162 2333 suum
1187 2302 1382 2336 macerabat.

922 2360 1044 2393 Melam
1070 2359 1228 2400 quandam
1255 2361 1453 2401 revolvebat,

924 2408 979 2441 Sic
1002 2409 1102 2441 otium
1127 2408 1315 2452 repellebat,
