1653 2567
298 237 346 270 In
374 237 406 271 1.
425 236 666 271 Nocturno.

384 331 581 367 Antiphonae.

207 425 214 433 .
240 400 397 432 Elevatur
421 399 454 431 in
479 399 607 439 populis

286 447 428 480 Hesther
451 447 507 487 pia
530 445 707 489 magnifice,

241 495 375 527 Assueri
400 495 484 535 regis
510 494 610 526 oculis

289 544 376 583 Quae
404 542 526 583 placuit
551 540 695 574 mirifice.

210 640 217 648 .
243 615 408 647 Enarrent
433 614 513 645 caeli
538 613 671 654 gloriam

289 662 352 695 Dei
376 662 546 694 laudantes
572 670 680 702 opera,

240 710 300 750 Qui
325 710 421 742 talem
447 709 509 741 sibi
534 708 633 741 filiam

289 758 456 790 Praevidit
480 759 556 790 ante
579 759 735 797 tempora.

206 857 212 863 .
239 831 355 862 Portas
381 832 504 862 vestras
529 828 687 867 adtollite,

289 877 403 910 Coetus
429 885 536 909 omnes
562 876 708 916 angelici,

241 925 286 957 Et
310 925 386 957 laeti
412 924 590 965 recolligite

288 972 407 1012 Civem,
435 972 581 1004 concives
607 971 726 1004 caelici.

376 1066 585 1102 Responsoria.

206 1160 212 1166 .
239 1135 374 1168 Virtutis
400 1133 462 1165 Dei
488 1133 650 1172 dexterae,

284 1182 416 1214 Trinam
441 1181 566 1221 regenti
589 1181 777 1224 machinam,

239 1230 338 1262 Trino
367 1230 469 1262 ditat-a
493 1237 625 1260 munere

288 1277 427 1318 Birgitta
453 1276 544 1308 dedit
567 1276 712 1317 gloriam,

241 1325 378 1365 Captiva
401 1324 513 1356 mundi
539 1332 668 1355 carcere

286 1373 442 1405 Mundam
452 1380 644 1404 conservans
650 1371 796 1415 animam,

200 1446 208 1454 .
239 1420 351 1453 Soluta
376 1420 481 1451 carnis
504 1428 602 1451 onere

243 1468 430 1508 Sponsoque
453 1467 561 1498 iuncta
582 1465 714 1498 foedere

284 1516 413 1548 Partem
439 1515 536 1555 elegit
560 1515 722 1555 optimam.

207 1614 212 1620 .
239 1586 351 1619 Herba
376 1586 480 1626 surgit
502 1585 536 1617 in
562 1585 704 1625 stipitem

285 1634 370 1667 Altis
394 1632 494 1665 fixum
519 1632 691 1671 radicibus,

239 1682 346 1722 Stipes
371 1679 435 1713 fert
459 1689 583 1712 ramum
607 1679 746 1713 fertilem

289 1729 436 1762 Pulchris
462 1727 609 1760 fulcitum
633 1726 776 1769 fioribus,

238 1777 315 1810 Flos
343 1776 481 1809 fructum
506 1775 633 1817 profert
656 1776 766 1808 utilem

283 1826 338 1857 Ad
363 1825 533 1857 sanitatem
558 1824 716 1865 gentibus,

198 1902 205 1908 .
239 1874 322 1906 Dum
349 1881 466 1913 parens
492 1872 579 1912 parit
601 1872 740 1904 nobilem

241 1922 423 1962 Birgittam,
449 1920 512 1953 sibi
537 1920 683 1962 similem,

290 1969 385 2002 Miris
413 1969 531 2001 claram
557 1968 739 2001 virtutibus.

206 2071 212 2078 ,
240 2042 300 2082 Qui
325 2042 422 2074 maris
447 2039 561 2073 fluctus
586 2040 736 2081 mitigans

286 2091 396 2123 Ionam
424 2089 515 2122 duxit
541 2089 583 2122 ad
609 2089 742 2131 aridam,

240 2139 383 2171 Matrem
410 2137 556 2170 Christus
582 2137 737 2169 allevians

293 2187 425 2220 Omnem
451 2185 539 2217 tollit
561 2185 736 2228 tristitiam,

241 2236 374 2269 Partum
402 2232 530 2266 felicem
554 2233 706 2265 nuntians

283 2282 388 2316 Matri
415 2282 527 2322 duplat
552 2281 727 2321 laetitiam;

197 2357 203 2363 .
237 2330 393 2371 Sponsam
419 2330 505 2363 nube
531 2329 720 2370 clarificans,

237 2379 394 2420 Linguam
420 2379 516 2411 melle
542 2377 729 2410 dulcificans

284 2427 457 2467 Loquendi
482 2427 539 2459 dat
563 2426 741 2459 audaciam.

801 141 868 177 167
921 161 965 167 --

996 238 1043 270 In
1069 240 1101 272 2.
1126 240 1360 273 Nocturno.

1077 322 1275 359 Antiphonae.

873 389 904 422 1.
931 388 1022 420 Haec
1046 390 1224 428 speciosum
1248 389 1350 422 filium

981 436 1119 477 Superni
1143 439 1227 479 regis
1255 438 1369 478 diligit,

931 485 1077 516 Amicam
1103 486 1192 518 velut
1214 486 1318 518 lilium

979 532 1150 565 Pulchram
1175 533 1237 565 sibi
1260 542 1318 565 rex
1344 533 1442 573 eligit.

873 608 903 639 2.
931 607 1017 639 Deus
1042 610 1185 640 nostrum
1210 607 1368 649 refugium

980 654 1123 695 Sponsae
1147 660 1222 688 tuae
1247 657 1429 697 precatibus

929 703 995 735 Fer
1019 702 1110 734 nobis
1136 705 1330 736 adiutorium

974 751 1014 783 In
1038 750 1308 784 tribulationibus.

873 828 904 860 3.
932 826 1047 858 Portas
1073 826 1148 860 Sion
1170 829 1354 868 ingrediens

978 875 1016 907 In
1042 876 1161 908 sanctis
1179 876 1297 916 gaudet
1314 875 1485 915 montibus,

929 922 1072 954 Mentem
1097 924 1192 962 plene
1216 922 1363 955 reficiens

975 970 1029 1002 Ex
1054 979 1154 1010 aquae
1178 971 1270 1004 vivae
1294 970 1443 1003 fontibus.

1065 1054 1272 1091 Responsoria.

870 1122 903 1154 1.
928 1121 1107 1162 Virginitas
1132 1123 1310 1162 promeruit

974 1169 1065 1201 Nulli
1089 1170 1233 1202 subiecta
1258 1171 1393 1212 crimini,

929 1216 1019 1255 Quod
1045 1220 1145 1249 semet
1168 1219 1274 1258 ipsum
1297 1218 1447 1258 praebuit

974 1265 1106 1297 Passum
1136 1266 1270 1298 devotae
1292 1266 1419 1307 virgini,

930 1312 989 1351 Qui
1015 1321 1140 1345 crucem
1165 1317 1281 1354 sponte
1305 1314 1401 1345 subiit

977 1360 1045 1392 Nos
1072 1369 1128 1393 suo
1154 1362 1294 1394 reddens
1319 1362 1442 1393 lumini.

858 1408 897 1441 V.
928 1408 1060 1440 Puellae
1083 1416 1203 1447 parvae
1229 1409 1388 1441 consuluit

930 1455 1158 1496 Auxiliumque
1182 1457 1296 1488 tribuit

977 1502 1093 1541 Maria,
1119 1507 1222 1536 mater
1245 1504 1384 1537 Domini.

872 1580 903 1611 2.
930 1578 1064 1610 Occulta
1089 1580 1303 1611 conscientiae

978 1624 1065 1658 Pura
1089 1627 1224 1659 mundat
1248 1626 1415 1669 confessio,

931 1673 1069 1714 Magnae
1093 1675 1217 1715 signum
1244 1675 1431 1706 clementiae

976 1721 1064 1753 Fusa
1088 1725 1248 1755 monstrat
1272 1723 1385 1762 oratio,

932 1769 1032 1808 Quam
1055 1770 1168 1802 matris
1194 1771 1295 1802 omnis
1322 1771 1444 1811 gratiae

976 1817 1123 1850 Meretur
1147 1818 1358 1859 supplicatio;

858 1864 895 1896 V.
926 1865 964 1897 In
989 1865 1049 1897 hac
1073 1867 1158 1898 valle
1181 1866 1333 1897 tristitiae

928 1913 1029 1945 Tristi
1053 1914 1211 1946 succurrit
1233 1913 1321 1946 filiae

979 1961 1099 1994 Divina
1122 1962 1295 1994 miseratio.

872 2037 904 2070 3.
930 2037 1024 2070 More
1048 2038 1186 2078 gallinae
1213 2039 1356 2070 clamitat

980 2086 1090 2117 Pullos
1116 2087 1174 2119 sub
1201 2087 1252 2118 ala
1279 2086 1443 2126 colligens,

931 2134 1098 2166 Adversus
1123 2135 1255 2167 milvum
1283 2134 1414 2166 dimicat

979 2180 1087 2214 Verbo
1113 2183 1201 2215 vitae
1227 2182 1419 2220 custodiens,

932 2229 1086 2262 Maritum
1110 2229 1276 2263 beatificat

979 2278 1075 2310 Hune
1101 2278 1228 2311 Christo
1253 2277 1478 2320 lucrifaciens;

861 2327 899 2359 V.
929 2326 1097 2363 Mundum,
1125 2336 1252 2359 carnem
1278 2326 1474 2370 subpeditat,

933 2374 984 2415 Se,
1007 2383 1064 2406 sua
1088 2374 1157 2407 Deo
1186 2375 1315 2408 dedicat

982 2423 1097 2456 Votum
1123 2426 1238 2464 sponte
1263 2423 1443 2465 perficiens.
