1653 2567
710 102 968 137 —140—

259 202 341 241 Quid
365 200 408 232 sit
431 199 521 244 fides,

306 248 383 289 quid
407 257 491 289 spes,
517 249 593 288 quid
621 248 747 288 caritas,

257 297 305 330 Ut
327 299 360 328 te
384 298 489 328 servet

306 351 445 384 superna
469 343 600 386 veritas,

257 391 308 423 Ne
333 391 491 423 damneris

306 447 376 470 cum
401 438 492 470 hoste
515 438 667 479 subd0103

187 485 226 519 V.
258 485 308 518 Sit
332 485 392 517 tibi
416 485 540 517 sincera

304 541 404 573 mens,
429 532 473 564 sit
495 532 652 565 confessio
676 541 765 565 vera.

201 591 233 623 3.
258 589 379 622 Doctor
402 598 496 621 verus
521 590 566 621 ait
589 588 720 622 turbae:

258 637 361 669 Deum
385 645 494 668 verum
520 637 707 677 cognoscite,

259 684 293 716 Si
318 683 399 716 salvi
425 692 494 715 esse
519 685 643 729 cupitis,

259 731 435 764 simulac-ra
462 732 650 771 conteratis;

259 825 434 858 daemonia
441 851 450 865 ‚

258 873 359 905 caelos
384 872 468 912 fecit.

199 941 232 972 4.
256 940 425 979 Indignata

305 994 449 1017 sermone
472 986 597 1018 belluae

257 1033 352 1065 Plebs
377 1033 558 1065 adclamans

304 1081 339 1112 in
364 1088 434 1111 eam
456 1081 562 1121 irruit,

258 1128 377 1160 Vincla
400 1128 500 1158 nectit

307 1175 349 1206 ad
377 1175 492 1206 collum
516 1177 649 1214 statuae,

258 1221 377 1253 Tracta
401 1230 519 1260 pronus

305 1269 459 1300 Astaroth
485 1269 613 1309 corruit,

255 1316 345 1347 Idem
372 1316 503 1347 daemon

305 1364 409 1403 ipsum
435 1363 619 1395 comminuit

258 1410 420 1442 Potestate

306 1457 391 1489 vocis
415 1455 602 1500 mellifluaer,

189 1505 225 1537 V.
259 1504 357 1543 Quam
383 1504 466 1535 male
490 1505 642 1543 possedit,

304 1551 385 1583 bene
401 1551 509 1590 pulsus
526 1552 565 1583 ab
583 1552 663 1584 aede
676 1552 807 1585 recedit.

317 1694 362 1725 In
388 1694 418 1726 3.
445 1693 673 1727 NocturnO.

398 1767 445 1794 Ad
465 1767 594 1796 Cantica.

185 1825 224 1857 A.
256 1826 474 1868 Revertentes,

304 1873 357 1913 qui
381 1873 470 1905 missi
496 1872 633 1914 fuerant,

257 1920 459 1961 Singulorum

304 1969 409 1999 vultus
435 1969 650 2010 considerant,

256 2015 362 2047 Duum
387 2019 492 2047 tamen

308 2064 430 2095 dierum
456 2063 573 2095 circulo

256 2110 340 2142 Dato
363 2110 424 2142 sibi

305 2161 413 2190 carent
437 2159 576 2191 oraculo.

392 2253 599 2289 Responsoria„

200 2321 229 2354 1.
255 2320 429 2352 Multitudo

301 2377 415 2409 magna
438 2368 620 2412 iacentium,

258 779 420 819 Quoniam
453 788 561 811 omnes
595 778 643 811 dii
665 779 810 819 ,centium

501 826 665 859 Dominus
703 828 812 858 autem

937 198 1049 231 Hostis
1073 200 1160 232 laesa

985 246 1095 279 furore
1119 246 1234 287 rabidi,

939 294 1090 327 Sanitatis

981 343 1116 383 sumpsit
1140 342 1315 375 remedium

937 391 1123 423 Interventu

982 438 1120 477 pastoris
1145 437 1284 479 providi,

937 485 1014 516 Mox
1039 489 1179 518 astantes

982 541 1042 572 pro
1068 533 1144 565 visis
1163 533 1286 573 stupidi

939 579 1032 611 Laeti
1056 581 1189 613 laudant

986 626 1138 659 factorem
1161 628 1318 668 omnium;

867 676 906 708 V.
933 673 1074 706 Effectus
1098 675 1217 708 morbis

986 723 1109 755 curavit
1134 723 1280 755 conditor
1304 723 1401 758 orbis,

883 800 913 830 2.
940 797 989 830 De
1014 798 1160 837 supernis

983 845 1105 885 legatus
1130 845 1259 878 veniens

937 892 1023 924 Miro
1047 893 1127 924 lenit

986 940 1158 979 splendore
1181 942 1326 984 populos,

940 986 1000 1025 Qui
1024 987 1132 1019 volatu

987 1032 1096 1065 fanum
1121 1035 1276 1067 circuiens

939 1080 1069 1121 Signum
1095 1083 1198 1114 crucis

988 1129 1120 1168 sculpsit
1146 1139 1205 1169 per
1229 1131 1360 1171 angulos

941 1175 1164 1208 Consecrando

986 1231 1128 1254 recessus
1153 1224 1294 1264 singulos

938 1269 981 1301 Et
1008 1270 1136 1302 deorum

980 1317 1085 1349 larvas
1110 1318 1243 1360 eiciens;

865 1366 905 1398 V.
935 1364 1087 1396 Omnibus
1113 1368 1162 1397 est
1183 1365 1281 1409 visus,

984 1420 1077 1451 quem
1104 1413 1192 1444 misit
1216 1413 1259 1444 eis
1285 1415 1463 1453 paradisus.

879 1490 910 1521 3.
937 1486 1053 1519 Sancte
1077 1488 1330 1534 Bartholomaee,

986 1534 1104 1566 Christi
1132 1537 1284 1576 apostole,

935 1581 1087 1614 Indorum
1114 1584 1225 1615 doctor
1247 1586 1380 1629 egregie,

936 1628 1063 1661 Nostris
1087 1639 1198 1662 aurem

986 1677 1176 1709 clamoribus
1201 1686 1336 1720 appone,

936 1724 983 1756 Ut
1006 1726 1060 1757 tuo
1085 1725 1126 1756 ad
1153 1726 1322 1758 Dominum

980 1772 1149 1804 sustentati
1171 1773 1339 1815 iuvamine,

936 1818 997 1850 Tui
1021 1820 1166 1851 concives

984 1874 1162 1899 mereamur
1186 1870 1219 1899 et
1242 1869 1374 1912 adesse3

866 1913 906 1946 V.
934 1912 1104 1946 Intercede
1126 1924 1186 1954 pro
1210 1915 1302 1948 nobis

986 1961 1027 1993 ad
1052 1961 1232 2005 Dominum,
1260 1965 1398 2004 gloriose

938 2007 999 2039 Dei
1024 2009 1134 2050 amice,

985 2057 1022 2086 ut
1044 2056 1144 2096 ipsius
1169 2057 1273 2099 gratia
1297 2059 1454 2100 largiente

938 2102 999 2134 Tui
1024 2104 1169 2137 concives

984 2159 1161 2185 mereamur
1185 2155 1218 2185 et
1241 2153 1364 2189 adesse.

880 2228 913 2261 4.
939 2227 964 2259 Ο
989 2227 1099 2260 militis
1123 2229 1345 2269 praedicanda

938 2274 1037 2307 Fides
1062 2276 1163 2309 virtus
1189 2280 1220 2309 et
1245 2279 1359 2320 gloria,

939 2322 998 2361 Qui
1021 2323 1131 2356 vivens
1159 2326 1339 2359 decoriatus

937 2369 982 2402 Et
1006 2371 1110 2412 capite
1135 2373 1265 2406 tandem
1291 2383 1400 2410 caesus
