1653 2567
769 119 911 154 —29

326 213 388 246 Ad
415 213 762 255 Completorium.

390 289 437 317 Ad
456 289 543 319 Nunc
563 291 696 320 dimittis.

228 347 270 381 A.
302 347 400 380 Ghori
426 348 590 389 caelestes,
616 350 771 390 plaudite,

304 394 513 427 concinentes
539 398 707 435 occurrite,

345 443 431 483 Agni
456 452 575 484 sponsa
598 445 779 477 traducitur

301 489 388 522 Mira
411 491 601 531 praelucens
626 493 744 532 specie,

298 537 388 569 Luce
413 539 552 571 lustrata
576 540 698 581 gloriae

346 586 493 627 Regnum
517 587 598 619 lucis
619 588 808 630 ingreditur.

356 682 419 714 Ad
447 682 716 716 Matutinum.

431 758 651 785 Invitatorium.

298 816 425 855 Agnum
450 824 602 857 sponsum
629 816 855 858 collaudemus,

346 863 545 896 dominorum
572 864 743 906 dominum,

297 910 361 949 Qui
386 911 469 943 hanc
494 919 645 950 sponsam
669 913 846 953 praeelegit

344 959 481 1000 Agnam,
510 959 606 991 decus
629 959 798 1000 virginum.

388 1054 434 1087 In
458 1054 691 1088 Laudibus.

442 1128 639 1165 Antiphonae.

258 1213 266 1221 .
295 1185 537 1227 Congaudentes

343 1234 510 1267 Caelorum
537 1235 669 1276 civibus,

295 1281 411 1314 Omnes
433 1284 553 1324 gentes,

342 1330 492 1363 Plaudite
516 1331 671 1373 manibus,

292 1377 483 1411 Insistentes

337 1426 473 1465 Agnetis
503 1426 663 1461 laudibus,

262 1509 269 1517 .
296 1482 414 1523 Sponsi
439 1483 601 1516 desiderio

344 1532 504 1564 Aestuans
530 1532 685 1573 languore

294 1578 416 1618 Migrat
440 1579 550 1620 Agnes
574 1589 666 1612 roseo

341 1625 478 1659 Pcrfusa
503 1635 625 1660 cruore.

261 1709 267 1716 .
294 1685 359 1718 Per
387 1693 499 1725 greges
524 1684 683 1717 sodalium

343 1731 460 1772 Sponsi
486 1733 612 1772 quaerit
636 1733 774 1776 thorum,

296 1779 409 1812 Carnis
435 1781 552 1812 tollunt
576 1781 708 1821 pallium

341 1827 497 1861 Custodes
521 1837 695 1862 murorum.

257 1911 264 1919 .
288 1885 343 1918 Ad
367 1886 503 1926 Agnetis
529 1886 684 1919 tumulum

339 1933 445 1967 Noctu
475 1934 678 1976 excubantes,

289 1981 383 2014 Hanc
403 1982 437 2014 in
463 1984 555 2015 coetu
581 1982 740 2024 virginum

339 2029 542 2071 Cognoscunt
567 2033 729 2071 parentes.

256 2116 263 2123 ,
291 2087 497 2127 congaudete
519 2088 678 2129 laudibus,

338 2135 418 2175 Quia
444 2136 514 2168 Deo
538 2139 630 2177 grata

287 2183 364 2217 Sum
390 2192 462 2216 cum
486 2184 557 2216 istis
583 2186 729 2218 omnibus

334 2233 373 2265 In
399 2233 487 2265 caelo
513 2232 630 2268 locata.

405 2307 453 2336 Ad
471 2308 660 2337 Benedictus.

246 2393 253 2400 .
286 2368 411 2407 Sponsa
436 2367 522 2407 Sion,

333 2415 457 2447 adorna
481 2415 666 2456 thalamum,

913 923 954 956 A.

992 217 1100 258 Spiret
1124 219 1257 259 myrtus,

1037 265 1179 305 myrrha,
1203 265 1286 304 thus,
1310 265 1496 305 balsamum,

986 313 1089 353 Junge
1118 321 1245 344 carmen

1036 360 1274 401 epithalamium
1284 371 1292 399 ;

987 409 1192 441 Instruuntur

1032 455 1155 495 regales
1183 455 1325 495 nuptiae,

987 505 1095 545 Agnes
1120 512 1201 543 agno

1034 550 1127 583 nubit
1150 550 1336 589 munditiae,

985 599 1109 639 Sponsa
1133 599 1242 638 sponsi

1036 647 1164 678 dotatur
1190 645 1306 686 specie.

1100 770 1179 802 Per
1203 769 1350 801 Horas.

1126 854 1172 881 Ad
1191 854 1329 882 Primam.

985 922 1037 954 Ab
1062 924 1134 953 ortu
1158 922 1234 953 solis

1033 969 1075 1002 ad
1100 972 1207 1001 terrae
1232 968 1378 1000 cardines

985 1017 1141 1058 Sponsam
1166 1017 1240 1057 agni

1034 1064 1217 1097 collaudent
1239 1063 1388 1103 virgines.

1126 1148 1173 1176 Ad
1192 1148 1331 1176 Tertiam.

983 1206 1055 1239 Jam
1079 1206 1279 1246 amplexibus

1032 1254 1128 1286 castis
1153 1253 1309 1286 adstricta
1333 1262 1402 1285 sum

982 1302 1028 1334 Et
1053 1302 1180 1342 corpori
1206 1303 1272 1334 eius

1032 1349 1154 1383 sociata
1177 1359 1256 1383 sum.

1129 1425 1175 1452 Ad
1196 1424 1323 1453 Sextam.

988 1484 1071 1516 Auri
1096 1484 1182 1525 regis
1208 1484 1289 1516 casti
1314 1484 1419 1524 gregis

1032 1533 1148 1564 Preces
1174 1532 1251 1564 offer
1273 1531 1378 1569 hodie,

983 1580 1069 1619 Quae
1093 1579 1155 1611 iam
1181 1580 1289 1620 pascis
1315 1582 1347 1610 et
1372 1578 1508 1619 quiescis

1029 1627 1126 1659 Lucis
1151 1628 1185 1659 in
1209 1626 1354 1660 meridie.

1131 1703 1179 1731 Ad
1197 1704 1323 1733 Nonam,

983 1762 1084 1802 Opem
1109 1762 1201 1795 nobis
1227 1762 1360 1805 gratiae,

1030 1811 1055 1844 O
1081 1813 1215 1852 martyr,
1241 1811 1388 1854 implora,

980 1858 1066 1898 Quos
1093 1859 1128 1890 in
1154 1859 1243 1891 cultu
1267 1859 1380 1891 vineae

1031 1907 1125 1939 Nona
1151 1909 1265 1948 gravat
1287 1907 1376 1942 hora.

1045 2023 1091 2055 In
1118 2024 1150 2057 2.
1182 2022 1400 2062 Vesperis.

1099 2106 1146 2134 Ad
1165 2106 1346 2145 Magnificat.

981 2175 1006 2208 Ο
1032 2184 1156 2216 gemma
1178 2175 1364 2216 pudicitiae,

1027 2223 1228 2263 Virginitatis
1253 2224 1428 2265 speculum,

979 2271 1003 2304 O
1036 2271 1130 2304 iubar
1153 2272 1364 2314 innocentiae,

1027 2319 1182 2353 Puritatis
1208 2321 1436 2362 spectaculum,

979 2367 1051 2400 Duc
1080 2367 1121 2399 ad
1147 2368 1340 2410 triumphum
1367 2369 1489 2411 gloriae

1025 2416 1103 2456 Nos,
1131 2416 1249 2460 Agnes,
1276 2417 1318 2450 ad
1342 2418 1534 2458 agniculum.
