1653 2567
766 112 999 147 —27—

253 234 260 242 .
286 208 406 241 Dicant
431 217 526 250 ergo:
551 210 637 243 bona

336 257 441 289 cuncti
466 260 569 290 mater
585 260 681 298 atque
699 260 845 299 patrona,

287 304 337 336 Tu
365 303 443 337 fidei
468 313 564 337 verae

336 355 452 393 custos,
479 351 607 385 famulis
633 353 796 387 miserere.

251 431 259 439 .
284 408 432 441 Laudum
454 408 524 442 Deo
551 409 695 442 victimas

335 465 443 488 omnes
467 457 648 498 iubilemus,

285 504 333 538 Ut
356 507 431 544 post
454 506 566 537 mundi
590 505 738 545 scopulos

335 554 459 585 ‘tartara
482 553 628 585 vitemus.

428 618 637 654 Responsoria.

252 700 258 707 .
285 676 437 708 Exsultet
462 675 595 708 Catania

333 723 397 755 iam
423 727 456 756 te
483 724 571 765 duce,
600 724 651 755 eui
671 724 760 757 venit
776 734 795 757 a
813 725 845 755 te

287 771 370 813 Lux,
395 772 499 804 honor
524 775 556 804 et
580 772 657 811 vita,

333 821 365 851 te
396 819 566 864 poscimus,
594 820 689 860 alma,
715 820 843 859 pudiea,

285 866 472 907 Subvenias‚
506 866 646 908 Agatha,

333 915 458 947 miseris
483 918 619 956 tuosque
644 915 795 958 guberna,

247 990 253 996 .
285 963 415 995 Civibus
442 965 479 994 ut
503 962 628 1003 superis

330 1010 503 1050 iungantur
528 1011 562 1042 in
587 1011 668 1043 aede
692 1019 844 1050 superna.

251 1093 257 1099 .
284 1067 355 1099 Duo
382 1067 444 1099 viri
469 1066 534 1099 fide
558 1068 669 1107 iuncti,

330 1117 433 1158 gente,
461 1115 618 1155 natalitia,

283 1162 387 1194 Nocte
412 1170 539 1194 sacrum
563 1164 740 1202 rapuerunt

332 1218 447 1249 corpus
476 1209 516 1241 ab
543 1210 679 1242 ecelesia

282 1258 391 1297 Atque
413 1265 520 1289 seeum
548 1258 733 1291 detulerunt

327 1305 412 1336 omni
439 1314 508 1337 cum
534 1306 667 1347 laetitia,

241 1378 248 1385 .
279 1352 385 1384 Ambo
412 1353 531 1393 quippe
555 1357 631 1386 tune
655 1354 689 1386 in
714 1353 794 1385 urbe

331 1401 574 1434 commanebant
598 1402 697 1442 regia.

251 1480 257 1487 .
286 1458 365 1492 Cum
391 1459 433 1490 ad
457 1458 570 1491 urbem
596 1457 761 1491 ferebatur

330 1506 459 1546 Agatha
484 1506 661 1547 Cataniam,

285 1554 428 1594 Praesul,
457 1554 561 1586 clerus
586 1555 788 1595 populusque

330 1605 558 1641 processerunt
582 1602 719 1642 obviam,

283 1649 515 1689 Temperantes
540 1659 629 1682 suam
654 1650 788 1682 multum

328 1697 465 1737 provide
489 1697 657 1739 laetitiam,

241 1769 248 1776 .
281 1744 398 1784 Sieque
422 1754 565 1779 summae
591 1746 704 1778 deitati

329 1791 515 1825 referebant
538 1794 683 1835 gloriam.

342 1889 388 1921 In
415 1891 447 1924 3.
474 1889 708 1924 Nocturno.

422 1956 621 1993 Antiphonae.

244 2040 251 2047 .
278 2014 376 2048 Venit
399 2018 503 2048 mater
528 2016 571 2048 ad
596 2023 669 2047 suos
694 2013 791 2058 filios,

279 2062 326 2096 Ut
349 2063 507 2103 gubernet
532 2066 564 2095 et
590 2065 757 2096 conservet
775 2072 838 2103 eos,

279 2110 422 2143 Graecos
439 2111 569 2153 quidem
584 2111 769 2152 relinquens
786 2121 838 2144 or-

608 2159 743 2200 phanoS,

277 2207 362 2246 Quos
386 2216 406 2240 a
430 2206 495 2240 fide
522 2207 646 2241 invenit
671 2208 791 2240 devios

243 2291 251 2298 .
278 2264 428 2305 Laetare,
454 2265 533 2297 urbs
559 2265 704 2306 Catania,

277 2312 401 2345 Tantae
425 2315 582 2354 patronae
606 2314 764 2358 Agathae,

278 2360 382 2393 Huius
410 2362 478 2394 eole
502 2362 681 2404 sollemnia,

279 2407 364 2441 Nam
387 2419 447 2449 pro
473 2412 506 2441 te
530 2412 603 2444 orat
627 2410 734 2443 hodie.

917 211 949 243 3.
977 208 1023 241 Ut
1046 211 1102 240 tua
1126 208 1170 239 sit
1192 206 1283 239 nobis

904 751 940 785 V.

1021 256 1190 288 translatio
1217 255 1313 296 digna
1337 256 1448 295 salute,

973 305 1042 336 Fac
1065 312 1134 344 nos,
1161 313 1179 335 0
1205 302 1322 344 Sicula,

1023 351 1143 384 caelum
1171 351 1385 383 conscendere
1410 354 1488 386 tute.

1108 417 1318 453 Responsoria.

942 492 950 499 .
977 465 1268 505 Constantinopolis

1021 513 1105 545 tanti
1128 511 1205 545 fleat
1227 513 1324 546 anxia
1347 514 1425 547 solis

972 560 1147 601 Damnum3
1174 564 1209 592 tu
1230 561 1358 601 plaude,

1023 608 1129 650 lauda,
1156 607 1267 648 iubila,
1295 616 1383 649 eane,
1414 610 1527 650 gaude,

973 656 1080 697 Plebs,
1107 656 1212 688 animo
1236 656 1334 698 laeta,

1021 705 1110 735 tanto
1136 702 1309 743 splendore
1333 705 1475 745 repleta3

973 750 1123 783 Gaudens
1150 751 1284 792 exsulta,

1020 801 1085 831 tam
1110 807 1201 830 sacro
1225 799 1359 839 pignore
1383 798 1473 839 fulta,

973 845 1113 878 Laetitia
1133 846 1244 885 multa,

1022 893 1127 934 plebs,
1158 894 1254 934 plena
1278 894 1374 926 laude
1399 896 1530 929 resulta.

975 950 1000 983 Ο
1027 959 1120 990 quam
1146 949 1270 994 festiva,

1022 997 1221 1038 praelucida,
1248 999 1346 1037 clara,
1371 999 1521 1041 iucunda,

975 1046 1038 1077 Illa
1064 1045 1143 1085 dies,
1171 1045 1277 1078 divam

1020 1101 1082 1133 qua
1100 1093 1245 1126 Christus
1273 1094 1314 1126 de
1330 1095 1427 1127 maris
1444 1095 1532 1127 unda

973 1140 1089 1173 Traxit
1112 1142 1189 1172 tunc
1212 1141 1373 1180 Agatham

1021 1190 1112 1219 tanta
1137 1189 1255 1220 virtute
1277 1189 1441 1228 nitentem,

973 1235 1067 1268 Cuius
1093 1236 1212 1268 virtute
1236 1236 1337 1268 trahit

1020 1283 1100 1315 haec
1124 1284 1166 1316 ad
1193 1284 1344 1316 caelestia
1368 1287 1505 1325 gentem.

938 1367 944 1373 .
973 1339 1094 1382 Gaude,
1120 1342 1190 1373 tot-a

1020 1389 1123 1420 mater
1149 1389 1294 1430 ecclesia,

974 1435 1097 1475 Gaude,
1123 1436 1209 1468 laeta

1019 1484 1114 1517 simul
1141 1484 1247 1525 Italia,

973 1532 1038 1564 Sed
1062 1534 1097 1562 tu
1121 1531 1222 1573 magis

1020 1578 1132 1622 gaude,
1161 1579 1304 1619 Catania,

971 1626 1095 1659 Tantae
1119 1626 1232 1659 matris

1020 1682 1116 1715 agens
1142 1674 1318 1714 sollemnia,

969 1721 1091 1763 Magna
1116 1723 1204 1755 cuius

1023 1770 1136 1803 ditaris
1162 1771 1275 1812 gloria,

972 1818 1071 1851 Cuius
1096 1827 1193 1859 saepe

1019 1867 1119 1899 sentit
1142 1866 1263 1899 auxilia

970 1913 1112 1947 Mundus
1138 1914 1280 1955 gaudens

1018 1962 1194 2002 propinans
1220 1964 1347 2003 gaudia,

972 2009 1091 2042 Christi
1116 2019 1243 2051 semper

1018 2059 1116 2091 lauda
1139 2059 1322 2098 praeconia,

969 2106 1096 2139 Tumba
1119 2104 1207 2138 faeta

1018 2154 1131 2186 matris
1158 2154 1284 2188 eximia.

1078 2250 1109 2281 A
1121 2249 1142 2282 d
1166 2250 1195 2283 L
1206 2259 1225 2281 a
1234 2259 1253 2282 u
1265 2250 1285 2283 d
1296 2260 1313 2284 e
1322 2260 1348 2286 S.

1116 2316 1312 2354 Antiphonae.

911 2364 944 2398 1.
969 2364 1143 2405 Postquam
1165 2365 1304 2399 Graecos
1329 2367 1458 2408 Agatha

992 2421 1044 2445 am
1070 2412 1194 2455 Tamqu
1217 2414 1319 2448 lutum
1345 2416 1478 2459 sprevit,
