1653 2567
678 129 936 165 —200—

153 225 193 258 V.
225 227 454 267 Imperatorem

271 274 406 305 accessit
429 273 626 314 nobiliorem,

225 321 355 354 Bellicis
379 321 413 352 in
438 321 532 353 rebus

269 368 409 401 serviens
427 368 633 408 noctibusque
653 367 773 402 diebus.

169 427 200 457 2.
226 425 346 465 Regem
372 432 439 456 cum
466 425 631 456 attonitum

272 472 516 510 christophorus
543 472 750 512 conspiceret,

222 519 266 551 Et
290 519 332 551 ad
354 527 467 549 nomen
493 517 683 550 diabolicum

270 565 401 606 Signum
429 564 530 596 crucis
557 564 734 606 conficeret,

222 612 443 651 Praesumpsit
465 620 539 651 rege
566 612 748 644 daemonem

222 660 379 691 Maiorem
405 659 513 691 mundi
539 659 725 699 principem,

271 706 442 738 Daemonis
466 714 500 737 se
525 707 694 738 satellitem

274 754 394 793 Optans
420 752 488 784 fore
514 756 543 784 et
568 754 717 794 militem;

155 801 191 832 V.
223 801 275 833 Ad
302 808 439 832 eremum
464 801 577 840 pergit,

272 848 459 880 daemonum
484 847 608 879 turbam
634 847 688 880 ubi
707 857 773 880 cer-

545 895 603 936 nit,

225 942 267 974 Se
292 941 340 973 cui
364 941 530 982 compegit,

269 989 412 1020 daemoni
437 988 557 1020 servire
582 989 715 1027 subegit.

166 1047 195 1077 3.
219 1045 361 1076 Daemon
387 1043 515 1085 fugatur
538 1045 699 1085 signaculo

269 1093 405 1124 Erectae
431 1092 532 1123 crucis
556 1092 588 1123 in
615 1095 717 1125 strata

223 1140 318 1178 Quasi
344 1138 506 1171 confossus
530 1139 643 1179 iaculo,

270 1187 367 1225 Quem
392 1190 496 1218 mente
521 1190 688 1226 angustata

226 1232 471 1271 christophorus
496 1234 646 1274 sequitur,

225 1280 267 1311 Et
292 1281 474 1312 daemonem
500 1280 688 1319 alloquitur:

269 1326 332 1358 Cur
356 1327 441 1358 invia
467 1331 499 1358 et
522 1327 682 1359 indirecta

270 1373 431 1405 Discurris
458 1377 489 1405 et
514 1383 577 1405 non
596 1375 647 1407 via
662 1374 775 1407 rccta‘?

157 1421 192 1454 V.
223 1420 285 1452 Est
309 1429 420 1460 passus
444 1421 477 1452 in
501 1421 597 1461 ligno,

274 1468 329 1507 ait,
342 1467 494 1509 Christus,
504 1468 712 1509 quisanguinc
720 1479 775 1502 suo

228 1514 282 1546 Me
307 1518 415 1556 terret,
441 1515 596 1547 horrescit

269 1570 340 1593 mea
362 1570 461 1598 mens,
486 1562 596 1594 videre
618 1565 770 1604 pavescit,

290 1723 337 1754 In
362 1723 392 1754 2.
413 1722 638 1755 Nocturno.

366 1796 559 1832 Antiphonae.

166 1853 196 1884 1.
225 1852 301 1885 Cum
326 1853 489 1886 invocaret

273 1903 399 1932 sanctus
415 1901 528 1941 Deum,
555 1905 591 1933 ut
607 1903 667 1935 sibi
687 1904 778 1935 daret

224 1947 430 1988 Linguagium
456 1950 517 1980 rite

270 1995 398 2035 Lyciae,
427 1997 520 2028 datur
544 1996 604 2027 sibi
632 1999 701 2031 cite.

166 2053 198 2083 2.
227 2052 295 2083 Viri
319 2052 482 2090 loquentes

271 2098 395 2138 falsum,
419 2100 601 2140 sanguinem
632 2101 774 2133 sitientes

221 2146 352 2178 -Ducunt
379 2146 639 2186 Christophorum

273 2194 384 2234 Dagno
409 2194 521 2228 vinclis
547 2196 771 2236 mancipatum.

165 2252 196 2284 3.
224 2251 248 2283 O
274 2250 361 2281 Deus
386 2251 594 2291 admirabilis,

223 2298 353 2338 Angelis
380 2299 612 2341 conspicabilis,

226 2346 287 2377 Per
312 2345 456 2377 meritum
485 2347 702 2388 Christopheri

219 2394 290 2426 Fac
313 2400 371 2424 nos
395 2396 428 2425 te
452 2396 605 2429 contueri.

848 274 877 305 1.

1041 222 1250 259 Responsoria.

906 272 1152 312 Christophorus
1192 274 1358 311 postquam
1395 279 1460 301 ma-

1232 319 1352 358 lignum

952 367 1105 408 Spiritum
1133 365 1387 406 derelinquebat,

906 415 1066 447 Christum
1091 421 1198 453 regem
1223 413 1367 445 inclitum

952 463 1014 494 Per
1040 461 1148 493 orbem
1175 461 1357 500 quaerebat,

904 509 1047 542 Tandem
1074 509 1116 541 ad
1143 508 1307 540 eremitam

952 556 1175 589 Christicolam
1202 555 1388 596 declinavit,

905 603 964 642 Qui
989 603 1018 634 ei
1043 612 1145 634 mores
1171 605 1203 633 et
1227 603 1324 635 vitam

953 650 1112 683 Fidelium
1137 650 1305 689 intimavit,

835 699 872 730 V.
901 698 1018 729 Dicens
1029 708 1035 728 :
1063 697 1222 737 obsequiis

845 897 877 929 2.

847 1472 878 1503 3.

850 2255 879 2288 1.

953 744 1120 777 Dominum
1147 744 1276 784 placare
1301 744 1375 785 piis,

906 792 1065 824 Christum
1091 792 1214 829 adorea

950 839 1061 871 solitos
1086 839 1229 877 relinque
1254 837 1390 871 furores.

903 896 963 928 Vir
986 895 1058 934 Dei,
1087 904 1156 927 cum
1183 896 1383 935 conspiceret

950 943 1041 975 Haec
1054 942 1316 981 Christophorum
1331 951 1458 984 negare,

904 990 949 1023 Ut
973 992 1099 1029 egentes
1124 989 1287 1029 traiceret,

950 1036 1041 1069 Misit
1065 1036 1104 1068 ob
1123 1036 1281 1069 Christum
1301 1036 1342 1068 ad
1360 1046 1458 1076 mare,

902 1083 1150 1116 Confoederabis
1175 1083 1356 1123 Dominum,

949 1131 1078 1171 Dicens,
1104 1140 1163 1170 per
1186 1130 1247 1162 hoc
1265 1131 1458 1174 obsequium,

904 1178 953 1210 Ne
982 1178 1152 1210 multitudo
1178 1177 1340 1210 hominum

949 1226 1115 1264 Mergatur
1141 1233 1199 1265 per
1225 1225 1389 1260 diluvium,

905 1273 1152 1311 christophorus
1178 1272 1271 1304 citius

951 1320 1161 1351 transvadens
1178 1317 1292 1351 flumen
1312 1320 1352 1352 ad
1371 1321 1457 1361 litus,

904 1367 1082 1399 Transtulit
1107 1369 1233 1407 egentes

952 1422 1010 1454 pro
1037 1413 1155 1446 Christi
1183 1414 1279 1446 laude
1304 1417 1459 1455 petentes,

905 1470 1047 1509 Quadam
1074 1471 1125 1502 die
1152 1470 1344 1503 dormitante

948 1518 1047 1549 Beato
1073 1518 1106 1549 in
1132 1518 1287 1559 aedicula,

903 1566 991 1598 Voce
1013 1568 1065 1597 ter
1089 1566 1152 1597 sibi
1178 1566 1334 1598 clamante

948 1613 1002 1644 Ad
1027 1611 1165 1645 fluminis
1190 1614 1351 1652 pericula:

902 1660 1146 1699 Christophore!
1174 1662 1303 1692 veniens

948 1706 1147 1747 Frequenter
1172 1710 1340 1748 repedavit

902 1754 947 1786 Et
970 1755 1121 1794 pusillum
1141 1756 1305 1794 reperiens

949 1802 1085 1834 Puerum
1111 1805 1359 1844 transportavit;

831 1847 874 1880 V.
906 1848 1127 1888 Christophori
1152 1851 1309 1883 mundans

951 1897 1099 1935 scapulas
1149 1906 1206 1929 rex
1254 1900 1375 1937 pressit,
1420 1901 1461 1932 ad

1230 1947 1344 1985 undas.

907 1989 1050 2022 Christus
1077 1991 1268 2032 baptismum

952 2038 1072 2070 donans
1112 2040 1205 2071 simul
1240 2045 1271 2071 et
1305 2042 1459 2074 catechis-

1230 2097 1325 2124 mum.

962 2158 1008 2189 ln
1035 2159 1065 2190 3.
1093 2158 1324 2194 Nocturno.

1045 2213 1240 2250 Antiphonae.

909 2256 943 2288 In
970 2255 1105 2289 Domino
1132 2257 1303 2301 confidens,

953 2304 1058 2344 Dagni
1085 2306 1227 2338 crudelia
1253 2309 1371 2348 ridenS,

906 2352 1041 2384 Carcerc
1066 2356 1190 2386 artatur

951 2398 1102 2440 ferroque
1128 2403 1221 2442 cippo
1245 2405 1413 2444 probatur.
