1655 2568
669 85 901 121 *76*-

147 190 178 220 2.
207 187 281 227 Quis
308 196 382 227 ergo
406 195 490 218 nunc
515 186 555 218 de
578 184 672 217 venia

251 234 388 268 Fiducia
412 233 542 272 carebit,

207 282 282 315 Cum
309 285 372 314 tam
397 284 499 314 mater
523 288 615 321 quam
639 277 707 311 filia

252 330 333 363 Rem
357 329 491 361 nominis
515 326 688 367 implebit?

175 413 182 420 .
209 387 234 419 O
260 388 355 420 Anna
379 385 468 424 felix,
495 393 608 424 annue,

252 434 299 467 Ut
323 433 406 465 festa
430 432 605 464 recolentes

205 482 293 514 Tuae
320 481 421 513 dulcis
447 479 618 512 memoriae

253 529 299 562 Te
322 528 456 562 videant
478 526 662 567 gaudentes.

342 621 549 658 Responsoria.

175 708 183 715 .
208 682 232 715 O
260 690 354 722 quam
377 680 493 711 iustum
518 681 612 717 atque
637 676 733 716 pium,

207 728 250 762 Ut
276 737 334 767 per
358 728 511 759 sollemne
536 724 675 757 studium

207 777 246 809 In
270 774 413 807 omnibus
440 773 581 805 ecclesiis

207 823 313 856 Mater
339 822 470 853 canatur
494 819 636 860 virginiS.

167 896 175 903 .
206 870 325 903 Potens
364 868 400 900 in
436 872 523 900 terra
559 866 619 898 erit
653 873 761 897 semen

207 916 284 956 eius,
309 915 470 956 qeneratz'o
494 912 585 946 illius
602 911 761 945 beozedice«

208 968 270 997 tur.

175 1048 182 1054 .
209 1021 233 1053 O
259 1027 374 1051 nomen
398 1017 584 1052 honorabile

209 1068 310 1100 Huius
335 1066 448 1097 beatae
472 1064 619 1103 feminae,

208 1114 298 1153 Quod
324 1113 488 1145 evidenter
511 1112 626 1152 innuit,

207 1163 310 1201 Quare
335 1160 478 1193 Christus
502 1158 677 1196 advenerit,

155 1210 175 1240 ⁷.
207 1209 345 1249 Quando
376 1207 507 1239 verbum
540 1215 614 1237 caro
639 1205 759 1244 factum

211 1258 255 1288 est
280 1256 309 1288 et
332 1254 488 1287 habitavit
510 1254 548 1284 in
571 1252 673 1284 mobis.

178 1340 185 1346 .
210 1312 325 1344 Funde
348 1312 458 1343 viuum
483 1309 645 1346 desolasti&

256 1358 371 1391 Phiala
393 1357 545 1396 laetitiae,

208 1406 258 1438 De
282 1414 345 1445 qua
367 1413 468 1437 novae
494 1403 670 1443 desperatis

256 1453 358 1486 Rivus
380 1450 452 1484 fluit
474 1452 607 1492 gratiae,

211 1502 257 1535 Ut
280 1500 320 1532 de
343 1508 439 1541 regno
466 1498 620 1531 claritatis

258 1549 358 1580 Detur
382 1555 455 1585 spes
480 1544 628 1579 fiduciae.

172 1619 180 1626 .
209 1594 366 1627 Liberalis
390 1593 519 1625 liberali

259 1644 373 1675 Preces
398 1639 497 1672 funde
518 1640 656 1679 sedulas,

212 1690 270 1729 Qui
294 1692 424 1730 paratus
450 1690 498 1719 est
521 1688 632 1728 largiri

259 1736 356 1777 Satis,
385 1736 456 1776 plus
490 1743 582 1774 quam
609 1735 761 1774 postulas,

271 1871 316 1902 In
340 1870 373 1903 3.
397 1867 624 1900 Nocturno.

354 1952 549 1989 Antiphonae,

176 2047 183 2053 .
209 2021 261 2054 Ex
285 2020 436 2053 Abrahae
460 2021 611 2060 progenie

213 2067 465 2108 Pontificumque
489 2075 614 2108 genere,

212 2116 264 2148 Ex
292 2116 379 2148 clara
401 2114 509 2148 David
530 2115 615 2147 linea

213 2165 327 2198 Prodit
350 2165 430 2196 haec
453 2171 546 2195 sacra
571 2162 699 2196 femina.

180 2246 187 2254 .
211 2221 301 2254 Haec
325 2221 412 2260 parit
434 2219 527 2252 nobis
549 2218 660 2259 filiam,

212 2268 311 2307 Quam
335 2269 440 2308 replet
461 2267 567 2300 adhuc
590 2267 727 2309 positam

210 2317 299 2349 Inter
322 2319 467 2348 materna
490 2315 616 2348 viscera

212 2363 394 2404 Spiritualis
421 2363 535 2404 gratia.

827 184 857 216 3.

818 942 856 974 V,

831 1048 861 1079 3.

886 182 910 215 Ο
935 180 1013 213 felix
1036 181 1140 219 Anna,
1168 179 1284 212 ditavit

884 229 930 261 Te
954 229 1040 261 Deus
1067 228 1140 261 dote
1164 226 1257 267 bona,

888 276 1019 309 Beatam
1043 279 1075 308 te
1101 276 1208 308 dicent
1230 273 1388 310 muliereS,

887 324 1062 364 Quinimmo
1088 323 1203 363 quique
1228 321 1347 354 fideles

1022 399 1230 435 Responsoria.

853 483 861 490 .
888 458 912 490 O
936 457 1061 498 quantis
1084 457 1167 488 nitet
1188 453 1346 489 laudibus,

888 505 974 544 Quae
1001 505 1093 537 huius
1116 503 1229 536 mundi
1251 498 1397 533 fiuctibus

885 553 1046 585 Marinum
1070 551 1160 583 sidus
1183 548 1311 590 ingerit,

887 600 953 639 Quo
977 602 1077 632 nauta
1098 601 1226 639 portum
1251 594 1390 633 invenit,

884 648 956 680 Hoc
979 648 1086 680 sidere
1109 643 1309 684 naufragium

885 695 1018 728 Devitat
1041 703 1132 726 omne
1155 692 1327 725 saeculum.

888 752 912 785 Ο
938 752 1048 784 matris
1073 757 1212 782 summae
1237 746 1390 788 genetrix,

887 800 974 839 Quae
998 799 1094 831 tantis
1117 797 1219 837 fulges
1245 793 1366 826 meritis

889 846 1001 879 Coram
1027 853 1146 878 summo
1170 843 1317 881 Domino,

887 895 951 927 Pro
976 893 1067 925 nobis
1091 890 1292 929 intercedito,

883 941 930 975 Ut
957 943 1030 981 post
1054 939 1178 979 peccati
1202 937 1329 970 veniam

888 988 956 1021 Nos
985 987 1160 1020 transferat
1183 986 1225 1017 ad
1250 984 1392 1025 gloriam.

888 1046 972 1079 Vere
996 1044 1091 1077 beata
1115 1042 1242 1082 femina,

890 1094 976 1131 Quae
1000 1090 1152 1131 singulari
1177 1088 1283 1130 gratia,

891 1140 1079 1172 Cunctarum
1108 1138 1213 1176 praeit
1236 1135 1350 1167 merita

885 1187 1029 1220 Matrum
1052 1187 1185 1224 excepta
1208 1183 1284 1216 filia.

818 1235 856 1267 V.
888 1232 1005 1267 Gloria
1041 1231 1165 1265 Libani
1208 1231 1286 1262 ᾶαία
1325 1231 1370 1261 est
1404 1229 1440 1271 ei,

890 1281 983 1314 ἄρσον
1009 1279 1149 1312 Carmeli
1176 1280 1204 1311 et
1226 1278 1346 1311 Saron.

978 1385 994 1417 Ι
1003 1393 1023 1416 11
1048 1382 1077 1416 L
1086 1393 1104 1415 a
1113 1393 1134 1414 u
1145 1382 1185 1415 di
1197 1381 1217 1414 b
1226 1391 1247 1413 u
1256 1391 1282 1415 S.

1041 1457 1236 1493 Antiphonae.

857 1543 863 1549 .
890 1517 1039 1556 Adiunge
1063 1515 1133 1557 tibi,
1161 1515 1298 1554 domina,

888 1564 968 1597 Piae
995 1566 1089 1595 natae
1114 1561 1271 1601 suffragia,

889 1611 972 1643 Nam
995 1612 1075 1651 ipsis
1101 1608 1323 1642 comitantibus

889 1659 981 1690 Nihil
1003 1658 1133 1699 negabit
1155 1657 1318 1690 Dominus.

890 1715 951 1747 Est
975 1717 1069 1747 Anna
1093 1713 1293 1752 venerabilis,

892 1764 978 1803 Quae
1001 1762 1098 1794 maris
1123 1762 1249 1793 stellam
1273 1763 1422 1801 parturit,

893 1810 986 1843 Cuius
1011 1808 1159 1842 foventur
1179 1809 1299 1841 lumine

892 1858 931 1890 In
956 1857 1075 1889 saeculi
1099 1857 1243 1897 caligine.

859 1941 866 1947 .
893 1915 938 1947 Ut
961 1915 1095 1955 gratiam
1121 1922 1179 1953 pro
1204 1913 1307 1955 gratia

894 1962 1043 1995 Obtineat
1068 1962 1211 2001 ecclesia,

894 2010 970 2043 Cum
996 2009 1217 2049 praepollente
1240 2008 1317 2050 filia,

894 2057 988 2090 Felix
1013 2067 1031 2089 o
1055 2060 1167 2097 mater,
1192 2058 1341 2097 impetra.

893 2113 1057 2154 Magnifici
1083 2117 1116 2146 tu
1140 2115 1291 2155 germinis

893 2162 1009 2205 Mater,
1035 2162 1174 2202 implora
1198 2162 1338 2205 famulis,

893 2209 939 2242 Ut
961 2209 1095 2250 gloriam
1119 2211 1315 2251 possideant,

894 2257 992 2296 Quam
1017 2257 1076 2291 tibi
1102 2259 1209 2291 datam
1231 2259 1377 2292 iubilant.

861 2340 868 2348 .
891 2314 1007 2347 Partus
1032 2316 1079 2346 tui
1104 2316 1265 2349 cunabula.

893 2362 1095 2396 Credendum
1120 2368 1170 2396 est
1193 2364 1337 2405 angelica
