1653 2567
694 123 857 159 -121
911 143 953 150 —-

166 215 187 244 Β
215 218 241 247 1.
262 218 279 246 ’7
301 221 458 256 angustum
479 219 512 247 G
534 233 571 239 -μ
591 217 613 245 R
640 218 665 252 1,
687 218 705 248 8
731 221 880 256 tugurium
903 220 937 248 G.
961 234 995 238 —-
1018 216 1039 245 R
1065 216 1129 253 2,1
1150 219 1236 246 Haec
1263 219 1371 246 [fflicta
1391 219 1424 247 G.
1446 233 1483 237 —

166 254 186 282 R
200 256 227 293 2,
251 256 268 284 7
290 257 425 286 clausula
444 256 519 285 fehlt
534 258 568 286 G
583 274 621 277 —
638 255 658 283 R
674 256 700 292 2,
723 255 740 284 9
759 258 827 285 Lux
846 258 883 285 <le
902 257 999 285 felilen
1013 256 1048 285 G.
1065 271 1100 275 —
1118 254 1137 282 R
1153 254 1170 284 3
1183 256 1264 284 Laus
1280 258 1484 290 ρει-(11111010.

164 296 221 323 wie
249 296 325 323 oben
349 297 381 323 in
407 294 434 322 1.
454 295 544 331 Vesp-

581 295 667 323 UEG.
690 310 726 315 —-
756 293 776 321 R
804 293 831 330 3,
852 294 872 323 4
897 297 980 322 vicos
1007 295 1137 322 civitatis
1159 294 1287 322 trahit-ur
1307 292 1368 322 AB.
1388 308 1427 313 —
1445 295 1486 322 In

162 333 272 361 Laud.
293 332 315 360 A
349 332 372 368 1,
393 331 413 362 4
438 334 474 361 In
504 341 592 361 aureo
615 334 649 362 G.
670 348 708 352 —
729 331 751 358 Α
773 317 838 366 2,1
864 332 979 360 Stravit
1004 334 1034 360 111
1055 332 1142 361 ABG.
1164 347 1201 351 —-
1222 331 1245 358 A
1266 329 1293 365 4,
1316 330 1334 360 3
1357 341 1397 368 q
1419 341 1483 360 ver-

163 371 279 400 bessert
298 373 341 400 D:

635 408 676 437 Et
696 417 759 436 eam
781 410 937 445 propterea

635 446 795 475 Benedixit
811 448 844 474 in
864 447 999 480 saecula3

167 495 218 523 der
239 496 362 524 Dichter
388 497 477 524 reimt
501 497 572 524 aber
593 496 742 523 cntweder
761 497 863 523 besser
882 495 951 523 oder
971 503 1026 531 gar
1046 495 1137 523 nicht.
1158 509 1196 514 —-
1217 493 1238 521 A
1260 494 1287 528 5,
1308 493 1325 523 3
1346 494 1485 523 Laudant

165 542 264 563 omnes
301 536 432 571 virgines

464 533 498 563 G.
531 549 563 554 —
594 532 616 561 Α
649 532 675 568 5,
702 533 722 562 4
747 533 883 562 Laudato
908 533 984 561 fehlt
1009 534 1043 562 G.
1073 549 1108 552 —
1141 534 1187 561 Ad
1214 533 1322 562 Bened.
1350 533 1369 559 Α
1402 533 1418 561 5
1444 533 1487 561 Et

162 572 324 608 Babylonis
344 574 379 600 A.
400 588 435 593 -—
462 573 539 600 Ibid.
561 571 577 600 9
606 581 650 608 sq.
677 572 776 601 fehlen
797 572 831 600 G.
852 586 891 591 —-
910 572 969 600 Die
989 570 1037 599 ΑΑ
1059 581 1110 608 per
1131 572 1229 600 Horas
1258 571 1356 600 fchlen
1376 573 1408 599 in
1429 571 1485 599 deu

164 613 286 639 meisten
308 612 440 646 911011011-
464 626 498 631 —-
519 612 563 639 In
582 609 609 638 2.
623 611 730 646 Vesp.
752 610 789 638 ad
808 610 912 647 Magn.
932 609 955 637 Α
975 610 1035 638 Eia
1055 619 1165 647 spons..
1184 610 1352 639 {Salomonis
1375 613 1426 638 ¹tc.
1448 610 1484 638 E.

620 712 667 747 43.
691 714 736 745 Ι)0
756 713 865 745 sancta
884 712 1038 744 Barbara.

306 786 351 818 ln
379 786 410 819 1.
437 785 654 825 Vesperis.

378 861 576 897 Antiphonae.

174 919 206 952 1.
233 919 379 951 Consona
403 927 467 950 vox
490 919 591 951 menti

281 967 324 998 sit
347 967 463 1006 plausu
492 969 604 999 cuncta
630 966 763 1007 regenti,

235 1015 325 1049 Caeli
348 1015 525 1054 praeclaris

282 1063 332 1094 cui
356 1062 502 1095 Barbara
526 1062 668 1102 iungitur
693 1061 768 1095 aris.

172 1145 206 1178 2.
231 1143 326 1176 Haec
350 1143 486 1176 celebris
510 1144 631 1184 palma,

280 1192 380 1232 virgo,
407 1200 443 1223 se
468 1190 592 1231 fortior,
620 1192 705 1223 alma

230 1239 304 1272 Vim
331 1240 449 1280 01111113,
476 1238 593 1271 fastum

277 1289 355 1320 terit
371 1287 467 1326 orbis,
493 1287 656 1319 daemonis
674 1289 788 1318 astum.

171 1375 203 1408 3.
230 1373 340 1414 Virgo,
365 1372 431 1405 fide
456 1373 561 1413 plena,

279 1431 336 1462 pro
364 1419 502 1461 Christo,
534 1423 641 1452 mente
666 1428 789 1460 serena,

229 1470 310 1502 Eius
335 1471 488 1508 amatore,

278 1517 411 1558 patitur,
438 1516 621 1548 stimulatur
646 1523 764 1549 amore.

173 1600 205 1633 4.
232 1599 389 1632 Constans
414 1598 586 1630 multarum

279 1656 343 1679 non
369 1645 545 1686 asperitate
569 1644 727 1677 minarum

233 1698 299 1728 Aut
323 1693 553 1727 blandimentis

280 1743 446 1775 seducitur
469 1742 528 1773 illa
551 1740 709 1782 parentis.

175 1823 206 1856 5.
233 1820 331 1862 Virgo
358 1821 519 1859 coronata,

284 1868 362 1901 caeli
389 1876 487 1908 super
511 1869 601 1898 astra
622 1866 737 1909 locata,

233 1919 298 1951 Pro
323 1916 416 1950 nobis
441 1917 535 1956 grata

283 1965 420 1998 Domino
448 1964 490 1997 da
515 1965 590 1995 vota
614 1964 741 2002 parata.

164 2044 203 2077 R.
236 2042 346 2085 Surge,
375 2042 474 2082 virgo,
501 2047 651 2082 propera,

236 2090 351 2124 Amica
375 2089 449 2129 Dei,
474 2088 633 2129 Barbara,

284 2139 404 2171 Induta
428 2138 498 2169 auri
525 2135 657 2177 cyclade

237 2188 362 2229 Sponso
388 2188 442 2218 tuo
468 2188 501 2218 te
523 2182 685 2225 perficias,

239 2236 351 2269 Secum
377 2237 414 2266 ut
439 2234 540 2266 intres
566 2231 696 2271 nuptias

285 2284 408 2324 Aptato
434 2282 504 2315 oleo
530 2279 692 2319 lampade.

166 2334 207 2367 V.
240 2332 357 2365 Funde
382 2330 518 2363 Domino
543 2330 706 2369 precatuS,

236 2381 275 2413 In
298 2381 423 2414 ruinam
450 2379 561 2411 noster
585 2377 688 2409 status

237 2428 352 2469 Vergit
374 2428 449 2460 labe
473 2425 659 2459 sorditatus.

1038 782 1085 810 Ad
1103 782 1284 819 Magnificat.

852 843 893 875 A.
925 842 951 874 O
977 841 1115 881 pulchra
1139 841 1217 874 Sion
1241 840 1319 883 filia,

924 889 1068 922 Dilectus
1093 889 1178 921 inter
1202 889 1292 921 milia

926 937 974 969 De
999 937 1109 969 mundi
1134 937 1219 968 valle
1244 936 1362 969 misera

925 985 1027 1017 Vocat
1051 987 1083 1016 te
1107 993 1267 1027 sponsam,
1294 982 1450 1017 Barbara.

925 1033 994 1064 Tua
1018 1032 1135 1073 palma,
1162 1032 1259 1064 laude
1282 1033 1387 1072 plena,

923 1081 972 1113 Te
997 1080 1130 1112 sortitur
1153 1080 1188 1112 in
1213 1088 1346 1113 amoena

924 1129 1010 1160 Arce
1036 1128 1115 1159 caeli
1141 1127 1269 1160 siderea

923 1176 1016 1216 Iungi
1043 1184 1111 1206 cum
1140 1175 1264 1207 decoris
1285 1176 1416 1218 laurea3

922 1224 1036 1256 Nostri
1060 1223 1112 1254 cui
1136 1231 1207 1255 cum
1231 1224 1275 1255 sis
1300 1225 1401 1266 grata,

920 1273 1046 1304 Memor
1070 1279 1168 1310 prece
1192 1271 1236 1303 sis
1262 1270 1379 1303 oblata.

982 1372 1042 1404 Ad
1069 1371 1337 1404 Matutinum.

1053 1437 1270 1466 Invitatorium.

922 1497 1003 1537 Regi
1030 1496 1156 1529 Christo
1185 1496 1352 1527 convenite

970 1544 1132 1586 Regnanti
1155 1544 1225 1576 sine
1249 1551 1409 1583 compare,

920 1593 1040 1625 Plausu
1065 1591 1230 1624 iubilando
1249 1591 1310 1622 rite

969 1641 1006 1673 In
1042 1637 1124 1672 festo
1150 1641 1280 1671 sanctae
1304 1638 1480 1672 Barbarae.

988 1747 1033 1779 In
1062 1745 1092 1778 1.
1121 1744 1180 1777 No
1193 1747 1355 1778 cturno.

1066 1810 1263 1846 Antiphonae.

868 1873 899 1905 1.
925 1871 996 1903 Tua
1019 1868 1267 1911 magnificentia,

972 1918 1109 1951 Domine
1125 1917 1212 1950 Deus
1240 1917 1329 1956 caeli,

926 1967 1093 2000 Laudatur
1118 1965 1278 2005 sapientia

976 2015 1005 2048 A
1030 2013 1177 2047 Barbara
1195 2012 1297 2045 fideli.

868 2075 899 2106 2.
929 2072 1016 2105 Caeli
1041 2071 1103 2104 Dei
1123 2070 1244 2103 iudicia

976 2119 1157 2152 Custodivit
1181 2118 1334 2161 consulta,

931 2168 1050 2209 Quibus
1076 2165 1183 2199 ferens
1208 2165 1377 2209 supplicia,

980 2216 1037 2250 Fit
1060 2213 1230 2246 retributio
1256 2213 1367 2247 multa.

875 2275 905 2308 3.
931 2274 1090 2306 Innocens
1115 2272 1197 2304 haec
1221 2270 1376 2310 manibus,

982 2320 1096 2354 Procul
1122 2319 1162 2351 ab
1189 2319 1275 2351 omni
1299 2320 1395 2352 sorde

933 2369 1084 2401 Declinat
1105 2368 1145 2400 ab
1170 2367 1317 2400 inanibus

982 2416 1132 2450 Serviens
1155 2416 1273 2449 mundo
1298 2417 1405 2451 corde.
