1653 2567
664 111 924 147 -—1]7—-

144 231 147 234 .
208 206 359 238 Gaudens
385 216 485 247 gnara
511 208 630 241 Christi
655 217 730 241 cara

254 255 478 294 Paupertatem
507 255 614 289 coluit.

148 321 179 355 3.
205 319 357 354 Nondum
380 323 457 361 apta
482 321 543 353 viri
569 324 642 353 voto

253 368 398 401 Mentem
424 369 510 401 caelo
537 368 682 400 reddidit

207 416 251 448 Et
277 416 324 448 sic
350 418 447 449 totam
474 417 572 448 corde
599 418 665 447 toto

256 465 333 498 Sese
356 464 426 497 Deo
449 463 605 496 subdidit.

148 533 181 564 4.
207 532 261 565 Sic
286 532 413 563 exculta
436 531 535 562 multo
557 528 637 562 flore

255 579 377 620 Sponsa
404 579 479 611 Sion
504 576 613 610 floruit

207 628 253 660 Et
277 627 459 668 praeceptis
483 626 565 658 miro
592 634 680 658 more

257 675 300 708 Se
326 675 444 707 divinis
467 673 593 706 tribuit.

151 745 182 777 5.
210 743 333 782 Quanto
359 742 433 782 plus
460 741 561 773 electa,
585 741 647 772 Dei

255 791 353 822 Malis
378 789 488 822 mundi
514 788 681 829 premitur,

209 839 312 871 Tanto
336 838 437 877 magis
462 845 603 869 summae
628 836 697 877 spei

258 885 393 919 Gaudiis
419 884 592 919 invehitur.

139 954 178 987 R.
211 952 295 985 Laus
319 951 470 993 perennis
496 950 617 991 gloriae

257 1000 339 1040 Regi
363 999 571 1042 saeculorum,

210 1048 270 1088 Qui
293 1048 417 1081 invexit
438 1046 535 1078 hodie

259 1095 410 1129 Coetibus
434 1094 581 1134 polorum

210 1144 383 1178 Parvulam
410 1141 526 1174 eximio

211 1191 313 1232 Regni
339 1200 456 1223 ornans
482 1189 580 1231 soli03

142 1240 175 1272 V.
207 1239 298 1272 Haec
323 1241 454 1277 attente,
482 1238 630 1279 virgines,

261 1286 419 1320 Cordibus
445 1285 580 1326 signate,

214 1335 343 1368 Cunctis
368 1335 463 1366 istam
490 1341 658 1366 coruscare

260 1383 365 1424 Signis
391 1380 469 1413 fecit
494 1380 659 1413 Dominus

328 1458 374 1486 Ad
392 1455 572 1492 Magnificat.

141 1511 182 1543 A.
213 1509 318 1542 Adest
343 1507 410 1539 dies
436 1505 590 1548 gratialis,

214 1556 253 1589 In
278 1564 340 1597 qua
363 1558 486 1594 martyr
511 1552 714 1593 triumphalis

260 1605 377 1638 Fastus
402 1600 519 1634 stravit
544 1601 709 1642 verticem,

214 1652 320 1685 Minas
349 1650 449 1683 hostis
475 1649 655 1688 evellendo,

212 1700 357 1740 Torques
381 1699 447 1729 eius
473 1696 665 1729 conterendo

263 1747 351 1782 Caeli
375 1745 503 1778 scandit
526 1745 662 1784 apicem.

211 1795 283 1833 Eia,
309 1803 428 1835 sponsa
451 1792 630 1825 Salomonis

216 1843 299 1884 Veri,
325 1843 414 1876 sidus
441 1842 552 1873 lucens
576 1840 712 1881 thronis,

259 1892 306 1925 Te
331 1893 500 1931 poscentes
524 1897 680 1929 assumus,

213 1941 294 1981 Quia
317 1939 460 1981 respexit
483 1937 637 1970 humilem

210 1990 281 2023 Rex
307 1998 327 2021 a
351 1987 474 2020 thronis
501 1984 664 2025 famulam,

259 2038 306 2070 Te
331 2036 457 2068 beatam
485 2034 629 2073 dicimus,

260 2085 311 2118 Sis
336 2092 395 2125 pro
421 2082 523 2123 nobis,
552 2090 752 2121 quaesumus.

278 2181 308 2214 A
321 2180 341 2214 d
367 2178 633 2213 Matutinum.

340 2255 560 2285 Invitatorium.

210 2317 292 2359 Regi
316 2324 434 2358 sponso
459 2312 670 2346 iucundemur

210 2365 455 2404 Psallantesque
480 2369 669 2395 veneremur

257 2413 434 2447 Barbaram
462 2419 533 2444 cum
558 2409 672 2452 gloria.

959 208 1003 239 In
1033 207 1062 240 1.
1091 206 1322 240 Nocturno.

1048 281 1244 316 Antiphonae.

839 351 870 383 1.
898 348 1068 383 subiecisti
1094 349 1152 381 sub
1179 349 1315 389 pedibus

943 397 1022 430 Eius
1047 397 1243 437 idolatriam,

894 444 955 482 Tu,
987 445 1043 485 qui
1067 452 1182 484 regnas
1208 443 1314 476 caelos
1338 452 1456 475 ornans

943 492 1048 525 Huius
1071 493 1183 525 mundi
1207 491 1346 525 latriam.

861 593 868 599 .
896 566 989 600 Hanc
1013 576 1090 600 auro
1116 568 1191 600 solis
1218 567 1358 601 vestiens

943 614 1034 649 Novo
1060 614 1178 656 figuras
1205 615 1336 654 calamo,

895 662 1071 703 Tamquam
1096 672 1226 703 sponsus
1258 662 1399 704 gaudens

944 711 1103 751 Sponsam
1127 711 1278 743 conducis
1304 710 1457 743 thalamo.

863 814 869 821 .
896 787 987 819 Haec
1010 788 1163 820 innocens
1187 786 1335 820 manibus

944 836 1040 876 Voto‚
1067 836 1166 876 signis
1193 836 1307 867 claruit

896 883 942 915 Et
966 884 1103 915 cultibus
1128 883 1276 915 inanibus

944 930 1109 963 Resistens
1134 930 1203 963 Deo
1229 931 1345 970 paruit.

1036 1035 1245 1071 Responsoria¹

864 1127 872 1135 .
898 1102 984 1135 Dum
1000 1102 1032 1134 in
1047 1110 1179 1143 granum
1193 1102 1334 1134 nondum
1346 1111 1457 1135 recens

946 1150 1091 1182 Barbara
1115 1149 1278 1190 maturuit,

898 1198 1034 1230 Mittens
1068 1206 1194 1229 manum
1219 1197 1308 1239 virgo
1336 1197 1443 1230 decen!

946 1245 1038 1278 Vana
1062 1246 1174 1285 templi
1202 1245 1346 1285 destruit,

899 1293 1002 1325 Huius
1028 1294 1113 1325 vitae
1137 1301 1265 1333 semper
1290 1293 1350 1325 n'te

945 1341 1030 1373 Fata
1052 1349 1207 1382 spernens
1232 1341 1318 1383 vilia,

860 1413 867 1420 .
897 1388 952 1421 Sic
975 1389 1129 1421 virtutum
1153 1389 1290 1430 sumpsit
1313 1392 1439 1421 scutum

946 1436 1149 1469 Debellando
1172 1437 1261 1471 vitia.

868 1537 874 1544 .
902 1513 1090 1546 Ordinatam
1115 1512 1149 1545 in
1176 1513 1345 1545 structuris

947 1560 1077 1592 Turrim
1102 1559 1180 1592 fecit
1205 1562 1348 1593 construi

900 1607 945 1640 Et
969 1608 1159 1649 quadratam
1182 1608 1216 1640 in
1241 1608 1362 1648 figuris,

948 1655 1007 1689 Cui
1028 1656 1118 1688 iubet
1140 1656 1241 1688 imbui

901 1703 1096 1736 Generosam
1121 1707 1213 1744 pater
1237 1713 1353 1745 rosam,

949 1751 1080 1784 Plebem
1105 1752 1217 1785 dolens
1241 1751 1367 1792 perfrui

860 1826 868 1833 .
898 1799 977 1833 Eius
1002 1798 1108 1832 forma
1131 1801 1320 1840 venustatis,

900 1847 964 1881 Sed
992 1848 1143 1881 decenter
1167 1849 1337 1889 potestatis

947 1896 1051 1929 Tenet
1074 1897 1108 1929 in
1134 1897 1288 1930 custodia.

866 1997 873 2004 .
900 1973 994 2006 Hanc
1015 1973 1151 2005 invitam
1175 1973 1318 2005 maritali

948 2021 1043 2062 Iungi
1067 2022 1149 2061 petit
1175 2022 1299 2065 copula,

900 2069 965 2103 Sed
990 2069 1132 2101 renitens
1157 2072 1231 2101 voto
1252 2069 1311 2101 tali

949 2118 1023 2151 Stat
1048 2119 1232 2149 constanter
1254 2117 1401 2159 parvula,

901 2168 994 2200 Iussa
1019 2165 1122 2205 patris
1148 2166 1344 2198 exsecrando

902 2213 948 2246 Et
972 2212 1088 2246 futuris
1112 2212 1266 2245 inhiando

951 2261 1139 2294 Detestatur
1163 2261 1298 2302 singula.

863 2336 870 2343 .
901 2310 987 2342 Rore
1013 2309 1093 2341 caeli
1119 2307 1292 2343 fecundata

905 2357 1024 2391 Contra
1050 2366 1147 2390 vanos
1173 2358 1311 2391 excitata

952 2406 994 2439 Se
1019 2406 1191 2439 obumbrat
1216 2406 1330 2448 clipeo.
