1653 2567
741 144 786 148 --
837 122 906 157 247
960 142 1003 148 —

341 217 371 249 A
385 216 404 248 d
429 217 697 252 Matutinum.

410 277 629 307 Invitatorium.

278 330 459 363 Adoremus
485 340 593 372 regem
618 341 727 373 regum

321 378 535 418 Implorantes
558 380 703 420 gratiam,

277 424 337 463 Qui
360 427 540 460 transvexit
566 437 664 469 supra
683 429 835 461 mundum

325 473 533 506 Edmundum
558 476 591 508 in
618 476 762 516 gloriam.

339 569 384 601 In
411 570 443 603 1.
467 570 700 604 Nocturno.

419 635 618 673 Antiphonae.

241 718 248 725 .
275 693 393 727 Beatus
419 695 467 727 vir
491 696 599 737 impiis

322 751 358 774 sc
381 751 445 775 non
473 745 617 786 sociavit,

275 789 385 831 Quem,
412 791 487 831 quia
514 801 584 824 cum
607 794 766 827 stantibus

318 841 405 870 stare
430 841 600 881 recusavit,

275 885 379 918 Pestis
405 888 609 926 pestilentiae

322 944 386 967 non
411 935 658 970 incathedravit.

239 1015 246 1022 .
274 990 380 1029 Quare
405 990 547 1025 fremunt

322 1039 433 1071 hostes
460 1041 495 1072 in
521 1042 646 1080 ostium,

274 1087 304 1117 A
331 1096 392 1127 quo
417 1088 561 1127 pendent

321 1137 370 1166 tot
395 1143 485 1168 arma
505 1134 646 1177 fortium,

275 1182 366 1221 Quod
392 1191 455 1214 non
484 1184 576 1215 timet

320 1230 475 1271 impulsus
501 1230 665 1265 hostium?

237 1312 244 1319 .
276 1286 352 1319 Cum
380 1288 518 1331 invocat,
547 1289 718 1321 exauditur

319 1335 510 1368 Edmundus
536 1346 556 1369 a
580 1338 727 1376 Domino,

273 1382 370 1414 Cuius
397 1392 491 1415 voces
518 1385 672 1418 exaudire

318 1440 381 1463 non
409 1430 515 1463 differt
539 1433 572 1464 in
599 1434 749 1473 crastino,

271 1478 333 1517 Qui
357 1478 449 1511 fideli
473 1479 542 1512 Deo
567 1480 664 1513 fidem

316 1528 425 1558 servat
449 1527 518 1559 sine
543 1528 687 1561 termino.

240 1608 246 1614 .
275 1582 384 1615 Verba
409 1585 660 1624 supplicantium

319 1630 460 1663 Auribus
485 1633 657 1674 percipias,

273 1677 332 1717 Qui
358 1679 482 1719 linguas
507 1680 678 1714 infantium

320 1728 373 1759 Ad
399 1728 596 1762 laudandum
624 1731 743 1771 expias,

270 1774 336 1807 Ora
363 1779 395 1807 te
419 1776 619 1809 laudantium

319 1824 373 1856 Ad
399 1824 512 1857 laudes
536 1826 674 1866 aperias.

233 1906 240 1913 .
268 1880 405 1915 Domine
430 1891 498 1922 rex,

316 1939 410 1971 quam
432 1931 641 1976 admirabiliS,

270 1978 394 2012 Cuncta
414 1988 523 2012 moves

315 2036 447 2060 manens
473 2028 656 2069 immobilis,

269 2075 305 2108 In
332 2086 390 2109 nos
416 2076 528 2108 labens

315 2124 349 2156 in
374 2128 407 2156 te
431 2134 495 2157 non
520 2125 640 2158 labilis.

235 2209 241 2215 .
268 2181 305 2214 In
334 2182 473 2215 Domino
500 2183 700 2215 dominorum

269 2230 415 2263 Confisus
442 2235 500 2272 est,
526 2240 590 2263 non
616 2230 772 2263 honorum

313 2279 505 2312 Edmundus
530 2279 563 2311 in
590 2287 696 2322 onere,

266 2326 349 2359 Nam
375 2328 524 2368 honores,
548 2328 656 2360 hostes
681 2335 815 2367 morum,

268 2375 345 2407 Sine
366 2385 457 2408 mora
482 2384 681 2416 sycomorum

317 2423 495 2456 Succidunt
520 2425 553 2457 in
580 2432 725 2464 vespere.

1105 220 1313 256 Responsoria.

908 276 938 308 1.
966 277 1095 309 Primus
1120 278 1220 318 iaspis
1244 279 1389 319 lapidum

1013 325 1045 356 in
1071 324 1237 358 Edmundi
1262 325 1388 359 fabrica

962 372 1123 404 Fabricae
1147 374 1349 414 subponitur,

1015 423 1053 452 ut
1076 420 1157 453 fides
1184 422 1342 455 catholica

965 468 1029 499 Per
1053 474 1256 509 augmentum
1283 471 1389 510 operis

1008 525 1108 556 regna
1132 519 1243 558 tangat
1267 519 1405 562 caelica3

894 562 932 596 V.
965 564 1160 605 Designatur

1011 611 1093 644 fides
1118 613 1152 644 in
1177 613 1314 655 iaspide,

967 659 1060 692 Prior
1085 661 1170 692 omni

1012 708 1179 747 ponendus
1205 709 1324 749 lapide.

905 764 937 797 2.
964 761 1131 796 Secundus
1156 766 1190 797 in
1215 765 1340 799 fabrica

1012 812 1171 853 saphyrus
1195 815 1327 856 erigitur

967 859 1090 892 Coloris
1116 862 1211 901 aerei,

1013 917 1073 947 per
1098 917 1190 948 quem
1217 918 1290 949 spes
1315 909 1467 949 innultur,

965 956 1029 987 Per
1054 965 1146 996 quam
1173 966 1193 988 a
1218 957 1377 997 terrigeno

1016 1003 1137 1035 caelum
1162 1005 1371 1045 adipiscitur3

892 1049 931 1082 V.
964 1050 1129 1082 Edmundi
1153 1060 1226 1091 spes
1253 1051 1396 1084 elevatur

963 1099 1017 1130 Ad
1036 1098 1228 1143 habendum,
1256 1100 1340 1140 quod
1361 1104 1520 1140 speratur.

904 1156 936 1189 3.
964 1155 1050 1196 Opus
1076 1156 1179 1187 sancti
1203 1155 1395 1188 fabricatum

1012 1203 1218 1236 Consummat
1244 1204 1466 1246 carbunculus,

965 1251 1025 1290 Qui
1050 1254 1101 1282 est
1127 1251 1229 1284 virtus
1255 1253 1411 1293 caritatis,

1013 1298 1080 1338 Qua
1106 1299 1154 1330 sic
1180 1299 1299 1332 Christi
1325 1298 1463 1333 famulus

962 1346 1092 1379 Ardens
1118 1347 1213 1387 lucet,
1241 1347 1325 1387 quod
1351 1349 1393 1380 ad
1417 1349 1521 1381 lucem

1013 1394 1123 1427 Omnis
1146 1398 1255 1435 stupet
1277 1396 1404 1436 oculus,

891 1442 929 1473 V.
960 1443 999 1475 In
1025 1442 1142 1474 ardore
1165 1442 1308 1474 caritatis

1008 1490 1054 1523 Ut
1078 1489 1172 1522 iubar
1197 1491 1381 1522 aethereum

962 1538 1050 1569 Pluit
1074 1539 1207 1570 verbum
1235 1538 1379 1571 veritatis

1009 1585 1133 1625 Populo
1159 1595 1215 1617 vas
1240 1594 1380 1618 aureum.

898 1643 929 1675 4.
956 1644 995 1676 In
1021 1642 1124 1675 tribus
1151 1643 1317 1675 catholicis

1006 1691 1110 1723 virtus
1133 1691 1318 1731 circulatur,

965 1739 1120 1778 Quattuor
1146 1739 1287 1779 politicis

1010 1787 1146 1819 circulus
1173 1788 1357 1831 quadratur,

960 1835 1007 1868 Ut
1031 1844 1050 1867 a
1075 1836 1259 1875 septenario

1007 1892 1169 1923 nunquam
1192 1885 1376 1927 moveatur3

888 1932 928 1964 V.
960 1931 1014 1963 Sic
1039 1934 1162 1971 septem
1188 1930 1361 1964 virtutibus

1007 1980 1197 2012 Edmundus
1223 1981 1366 2022 ornatur,

962 2027 1015 2060 Sic
1041 2030 1172 2060 ornatus
1197 2028 1314 2068 spiritu

1009 2077 1141 2116 septeno
1167 2075 1324 2108 firmatur.

1020 2220 1064 2253 In
1091 2221 1120 2251 2.
1149 2219 1381 2254 Nocturno.

1104 2305 1303 2341 Antiphonae„

904 2374 939 2407 1.
965 2374 1114 2413 Domine,
1143 2373 1198 2413 qui
1223 2374 1255 2405 in
1282 2376 1336 2406 tuo

1009 2423 1122 2455 vivunt
1148 2422 1367 2466 tabernaculo,
