1653 2567
648 148 909 185 —177—

149 267 155 273 .
188 242 274 275 Hinc
300 242 455 276 dilatatur

235 299 293 322 sua
310 291 390 331 laus,
410 292 456 323 sic
472 293 614 333 undique
627 295 747 334 gratus,

188 337 279 376 Quod
305 338 497 371 sublimatur

237 386 281 418 ad
305 386 459 419 honorem
482 386 736 427 presbyteratus.

251 529 299 562 In
326 531 356 562 2.
384 530 617 563 Nocturno.

334 615 532 652 Antiphonac.

156 721 163 728 .
191 693 338 727 Christus
361 697 505 726 sanctum
531 702 622 725 suum
647 693 709 725 rite

238 741 335 773 Hunc
358 741 551 785 mirificavit,

193 787 288 821 Cuius
314 798 428 830 preces
454 792 529 820 sunt
553 788 693 831 auditae,

238 838 293 870 Ad
319 845 354 869 se
381 837 455 869 dum
482 836 640 868 clamavit.

157 919 165 926 .
191 893 353 926 lntroibat
375 894 409 926 in
434 893 550 925 timore

238 941 303 973 Hic
314 941 365 973 vir
386 944 514 973 sanctus
534 942 660 973 domum
677 937 750 978 Dei,

189 989 296 1023 Corde
322 998 403 1030 puro
427 997 488 1022 nec
511 998 575 1021 non
600 996 655 1019 ore

243 1037 358 1070 Sacras
384 1045 497 1077 preces
523 1035 661 1068 fundens
687 1033 726 1067 ei.

154 1121 162 1128 .
188 1094 286 1127 Hunc
310 1095 431 1126 honore
454 1093 620 1125 coronavit

238 1142 327 1174 Deus
354 1144 386 1173 et
411 1150 482 1173 cum
507 1140 619 1181 gloria,

189 1191 281 1223 Inter
305 1191 408 1222 iustos
435 1197 528 1230 quem
554 1188 663 1220 beavit

238 1238 372 1279 Perpeti
397 1236 561 1269 memoria.

328 1342 540 1379 Responsoria.

158 1440 165 1447 .
192 1412 307 1446 Multis
332 1411 412 1443 locis
438 1410 514 1443 hinc
537 1409 683 1442 lustratis

189 1460 235 1494 Et
258 1460 292 1492 in
317 1459 382 1492 fide
409 1456 596 1491 confortatis

238 1508 346 1548 Papae
373 1506 492 1539 chartis
516 1506 665 1538 evocatus

192 1557 327 1590 Romam
352 1555 443 1598 petit,
471 1563 566 1594 quam
590 1552 753 1593 ingressus

193 1603 301 1637 Sacris
321 1603 400 1635 locis
424 1601 463 1634 fit
487 1609 643 1639 accessus,

241 1652 330 1691 Quae
351 1649 535 1691 frequentat
552 1649 605 1681 hic
622 1648 754 1689 beatus3

152 1727 159 1735 .
191 1700 289 1743 Urbs,
317 1707 384 1738 rex,
410 1706 498 1739 papa
520 1698 575 1738 pio

239 1749 300 1780 tali
324 1743 670 1791 gaudent-peregrino.

158 1832 166 1839 .
195 1805 291 1839 Cuius
316 1805 415 1838 fidem
441 1810 536 1843 atque
561 1802 660 1834 vitam

194 1854 301 1887 Sacris
331 1851 427 1885 factis
453 1851 501 1884 sic
526 1850 659 1891 politam

243 1902 333 1942 Papa
357 1901 454 1942 plene
483 1900 558 1932 dum
583 1895 742 1938 probavit,

195 1949 430 1990 Archipraesul
455 1946 663 1988 Maguntinus

196 1998 383 2037 Ordinatur,
409 1997 491 2029 haec
517 1995 644 2027 divinus

245 2046 340 2078 Velut
363 2047 459 2077 nutus
481 2041 671 2083 inspiravit3

155 2123 162 2130 .
195 2094 321 2127 Nomen
343 2095 496 2132 mutatur,

241 2140 424 2175 Bonifatius
448 2140 527 2173 inde
551 2140 696 2173 vocatur.

160 2227 167 2234 .
195 2200 329 2233 Praesul
355 2207 430 2239 ergo
457 2198 663 2230 consecratus

192 2248 294 2282 Bonis
319 2246 429 2279 multis
456 2248 505 2278 est
531 2246 661 2287 ditatus,

244 2296 299 2329 Ad
324 2295 459 2337 gentiles
486 2294 674 2335 destinatur,

198 2344 319 2384 Quibus
346 2343 508 2376 Christum
529 2340 721 2383 praedicare

196 2392 241 2426 Et
269 2392 303 2424 in
328 2391 394 2425 fide
418 2392 584 2433 roborare,

248 2439 299 2472 Ne
323 2442 479 2479 tepescat,
506 2438 675 2479 incitatur3

182 2501 301 2528 Blume,
317 2498 442 2523 Historiae
456 2496 614 2527 rhythmicae.
642 2494 673 2519 V.

806 246 844 278 V.
877 246 936 285 Qui
961 245 1023 277 sibi
1045 244 1204 277 mandatis

924 293 1074 325 iniunctis
1099 301 1218 332 pronus
1244 290 1383 331 oboedir,

878 341 962 373 Nam
987 341 1047 373 diis
1072 340 1188 372 ablatis

927 397 986 429 per
998 397 1069 420 eum
1082 397 1159 428 gens
1171 387 1310 428 plurima
1322 387 1436 419 credit.

937 531 984 563 In
1011 533 1042 565 3.
1068 530 1303 563 Nocturno.

1024 626 1221 662 Antiphonae.

847 719 854 726 .
883 694 1000 727 Servus
1025 693 1166 734 prudens
1191 694 1221 723 et
1247 692 1358 724 beatus

929 740 1047 774 Sancta
1071 740 1133 772 Dei
1158 740 1365 773 tabernacula

881 790 970 822 Iusta
996 797 1122 828 semper
1146 792 1296 828 operatus

927 836 989 869 Est
1012 837 1173 877 ingressus
1199 835 1268 867 sine
1291 835 1425 868 macula.

823 904 830 909 ·
847 920 854 928 .
882 894 987 935 Super
1010 893 1072 925 Dei
1096 893 1238 924 salutare

924 941 1138 974 Vehementer
1162 939 1343 978 exsultavit,

881 990 978 1029 Quem
1006 988 1150 1021 decrevit
1175 995 1328 1019 coronare

930 1036 1000 1069 Nec
1023 1043 1081 1076 spe
1099 1036 1204 1067 cordis
1225 1033 1438 1066 defraudavit.

847 1121 854 1127 .
881 1093 984 1125 Deum
1009 1100 1165 1132 quaerens
1192 1091 1260 1123 sine
1285 1091 1381 1124 sorde

928 1141 1018 1173 Iusta
1043 1140 1205 1180 generatio

883 1187 1080 1221 Collaetetur
1103 1186 1221 1218 mundo
1248 1186 1345 1218 corde

929 1236 1046 1269 Sancto
1072 1233 1243 1267 Bonifatio.

1020 1329 1229 1363 Responsoria.

849 1435 855 1442 .
882 1407 1087 1447 Exstirpavit
1113 1407 1188 1439 deos
1215 1416 1312 1439 vanos

884 1455 1019 1488 Sanctus
1043 1455 1183 1498 praesul,
1213 1455 1286 1486 dum
1311 1453 1442 1486 Germa-

931 1550 1051 1584 Christi
1074 1548 1173 1582 fidem
1196 1511 1362 1590 iffifiebat,

883 1599 935 1631 Ab
963 1606 1073 1630 errore
1097 1598 1224 1630 resilire

884 1647 994 1687 Atque
1018 1646 1103 1679 viam
1129 1645 1307 1685 comperire

933 1694 1028 1728 Vitae
1052 1693 1134 1733 iugis
1159 1694 1210 1726 his
1235 1692 1409 1736 suadebat3

847 1769 854 1776 .
883 1741 1017 1775 Talibus
1042 1741 1085 1774 ad
1109 1742 1274 1774 Christum

933 1790 1063 1822 monitis
1096 1790 1249 1830 populum
1273 1789 1374 1821 trahit
1397 1789 1441 1821 is-

1217 1840 1296 1870 tum.

856 1920 863 1928 .
890 1896 1027 1928 Demum
1053 1895 1151 1936 gestis
1176 1895 1298 1927 cunctis
1323 1894 1386 1926 rite

887 1944 952 1976 Hic
977 1952 1126 1976 coronam
1153 1951 1251 1975 aevae
1276 1944 1362 1975 vitae

936 1990 1091 2024 Firmiter
1117 1991 1250 2031 cupivit,

889 2039 983 2071 Hanc
1006 2042 1044 2071 ut
1068 2037 1168 2071 ferret
1193 2038 1235 2070 ad
1260 2038 1401 2078 priorem

889 2088 1024 2127 Statum,
1051 2087 1175 2126 lapsam
1200 2086 1233 2117 in
1260 2094 1402 2118 errorem

938 2134 1078 2167 Frisiam
1100 2135 1220 2176 adivit,

819 2182 857 2214 V.
889 2184 956 2223 Quo
980 2183 1064 2215 male
1088 2183 1247 2214 tractatur

941 2233 975 2263 et
999 2239 1071 2263 cum
1097 2230 1193 2262 sociis
1216 2230 1409 2265 trucidatur.

833 2290 864 2322 3.
893 2288 917 2321 O
943 2289 999 2320 lux
1023 2287 1221 2329 pontificum,

941 2336 1124 2370 venerande
1149 2339 1242 2376 pater
1266 2334 1420 2378 Bonifati,

894 2384 989 2417 Sidus
1016 2383 1190 2418 clarificum

940 2432 1143 2474 congaudens
1168 2441 1252 2466 nunc
1279 2432 1400 2477 deitati,

1245 2486 1282 2516 12
