1653 2567
673 118 931 154 —216—

379 214 467 251 Ergo,
488 216 588 249 pastor
608 222 624 241 o
645 214 780 251 benigne,
800 214 881 249 plebi
902 221 988 250 prece
1007 214 1142 249 subveni,

380 252 422 280 Ut
439 254 574 280 vivamus
593 252 656 279 vita
675 252 767 279 functi
788 259 854 279 cum
873 253 969 280 beatis
991 252 1114 285 civibus,

379 290 438 318 Det
456 290 555 318 felices
576 298 629 317 nos
648 290 760 317 futuros
784 289 926 324 Christus,
948 290 998 326 qui
1017 290 1210 325 gaudebimus

604 326 698 363 Super
716 335 818 363 pacem
838 330 927 355 tuam.

156 394 201 422 Ad
219 395 318 431 Magn¹
339 391 370 427 A,
392 392 409 421 2
429 396 528 422 anima
547 402 612 421 mea
632 393 663 421 C.
685 408 721 412 —
742 393 817 421 Ibid.
832 392 849 421 9
871 395 964 428 Quam
985 395 1105 422 virtutis
1129 394 1159 422 C.
1184 409 1214 413 -
1237 395 1292 422 ΚΒ
1312 395 1458 431 beginnen

154 432 205 460 das
226 432 360 460 Officium
381 434 435 459 mit
454 432 504 460 der
524 429 546 458 A
567 431 604 459 ad
623 432 737 467 Magn.:
764 431 875 466 Gaude,
896 433 979 460 sedes
999 432 1157 460 Bisuntiua
1177 436 1230 460 eto.

228 489 318 517 Beide
331 489 399 516 Hss.
410 489 506 516 haben
517 496 572 515 nur
583 489 648 515 eine
656 489 795 521 Noetum,
811 488 898 516 deren
911 487 957 515 AA
973 488 1009 516 de
1019 490 1165 517 communi
1175 490 1264 517 unius
1275 489 1459 523 confessoris,

153 527 241 554 deren
262 525 307 552 ΒΒ
334 526 381 553 die
408 527 458 553 der
478 527 586 554 dritten
604 526 735 554 Noeturn
755 526 829 554 sind.
850 541 885 545 —
908 525 950 554 In
972 523 997 553 1.
1019 527 1120 554 Noet.
1142 526 1164 554 A
1185 525 1203 555 3
1222 527 1297 554 fehlt
1314 528 1357 562 D;
1387 527 1459 555 Cum

152 566 271 592 invocat
291 564 443 592 exauditur
464 567 517 592 etc.
536 563 579 598 A3
607 564 742 592 Glorioso
761 564 877 598 praesul
899 564 1009 592 Christi
1028 566 1060 591 tu
1081 564 1186 593 Claudi
1205 566 1391 593 sanetissime
1405 567 1459 593 ete.

152 603 184 630 B.
198 619 235 623 --
260 601 279 628 Β
301 601 326 635 3,
350 601 367 629 5
388 611 509 638 corpore
524 602 554 630 C.
569 615 604 619 -—-
628 599 648 627 Β
672 599 697 636 2,
719 600 736 629 3
759 600 872 629 Coloris
886 603 977 629 activi
991 601 1022 629 C.
1038 616 1073 620 —
1096 601 1116 628 Β
1132 601 1157 637 2,
1173 602 1190 631 5
1208 604 1366 639 terrigenis
1379 603 1409 631 C.
1422 617 1457 621 —

153 639 172 666 Β
194 639 219 674 2,
241 639 259 669 8
280 642 396 677 optatur
416 640 447 668 C.
467 655 504 659 —
535 636 556 666 Β
580 637 598 667 3
622 640 658 667 In
677 640 771 668 tribus
793 639 946 667 catholicis
967 641 1020 667 ete.
1042 640 1072 667 C.
1099 655 1136 659 -—
1161 641 1204 668 In
1224 639 1250 667 2.
1271 642 1323 669 No
1333 643 1377 668 et.
1397 640 1419 668 A
1442 638 1458 668 1

152 679 268 706 Exaudi
292 686 346 706 nos
372 678 497 705 Domine
525 679 577 706 ete.
602 677 636 704 A.
663 692 700 696 —-
726 676 748 704 A
776 674 806 710 2,
836 676 850 704 1
881 678 1010 705 Verbum
1039 678 1070 706 C.
1099 693 1137 697 —
1169 676 1190 704 Β
1214 677 1228 705 1
1256 679 1336 714 Opus
1365 679 1459 707 saneti

152 717 323 744 fabricatum
345 718 397 743 ete.
419 715 449 743 C.
480 716 586 743 Latere
606 724 665 742 non
685 716 781 750 potuit
794 717 847 742 ete.
865 716 893 742 Β.
916 731 952 735 —
977 713 996 741 Β
1019 713 1037 742 2
1057 715 1239 744 Sublimatus
1259 717 1291 744 in
1311 719 1459 751 pastorem

153 757 205 782 ete.
225 755 258 782 B.
281 771 315 775 --
337 751 357 779 Β
379 751 404 787 2,
428 752 441 780 1
463 754 558 790 potuit
579 753 609 780 C.
626 767 663 771 —-
685 751 704 779 Β
727 751 752 788 2,
774 752 791 779 7
811 753 925 780 lateant
944 755 1064 781 aeterna
1083 754 1117 781 A.
1138 771 1175 775 —
1198 751 1218 781 Β
1240 752 1266 788 2,
1288 753 1305 782 9
1327 755 1458 790 Syneho-

151 802 262 820 morum
276 794 309 827 A,
330 791 530 819 Sichomorum
544 789 679 818 maehina
696 791 726 819 C.
742 805 777 810 —-
800 788 820 816 Β
842 789 868 824 2,
891 789 925 818 11
946 791 1044 819 facula
1057 791 1115 819 BC.
1129 808 1163 812 —
1188 790 1209 819 Β
1231 790 1249 820 3
1269 792 1363 821 lautet
1374 795 1406 821 in
1421 793 1458 820 C:

544 858 578 884 R.
602 856 662 884 Sub
683 857 768 885 nodis
789 857 880 884 eilieii

605 894 715 931 Corpus
737 903 838 930 expers
858 896 927 922 vitii

640 933 749 961 Domat
767 934 814 960 vir
833 934 946 968 beatus,

600 971 690 1006 Viget
708 972 741 998 in
759 971 881 1006 vigiliis,

600 1008 774 1044 Pingueseit
791 1010 912 1037 ieiuniis

638 1046 720 1082 Iugis
742 1048 895 1082 cruciatus,

544 1083 580 1111 V.
604 1083 643 1111 Se
663 1086 709 1111 sui
729 1084 893 1112 carnificem

598 1122 675 1149 Ante
701 1130 846 1149 summum
873 1123 999 1151 iudicem

641 1159 732 1187 Offert
750 1162 922 1188 maceratus.

154 1224 173 1251 Β
195 1224 220 1259 3,
242 1224 260 1252 2
289 1227 367 1254 Dum
395 1235 480 1253 cruor
499 1226 533 1253 A.
560 1239 596 1244 —-
625 1223 644 1251 Β
666 1223 692 1260 3,
714 1226 730 1254 5
751 1226 849 1254 Rubet
868 1228 958 1255 totius
979 1228 1111 1255 caritatis
1132 1228 1169 1255 D.
1196 1244 1233 1249 -—
1258 1226 1279 1255 Β
1301 1227 1327 1263 3,
1349 1228 1366 1257 6
1386 1230 1460 1258 fehlt

150 1264 186 1291 D.
216 1278 250 1282 —
277 1264 305 1291 R
323 1261 349 1296 3,
370 1261 387 1291 8
406 1264 567 1300 Tamquam
586 1266 670 1291 vetus
689 1266 780 1292 vestis
799 1264 834 1291 A.
862 1280 899 1284 —
926 1266 967 1293 In
987 1262 1013 1292 3.
1034 1265 1140 1292 Noet.
1162 1265 1184 1292 A
1208 1264 1232 1299 1,
1254 1264 1272 1294 3
1297 1268 1356 1295 Die
1376 1277 1406 1296 es
1426 1269 1458 1295 in

152 1300 182 1328 C.
207 1317 242 1321 —-
262 1300 283 1327 Α
307 1300 330 1333 1,
351 1299 371 1328 4
389 1301 446 1328 Die
465 1303 497 1328 in
516 1301 684 1329 umbraculo
701 1301 730 1329 C.
745 1316 782 1321 —-
803 1300 826 1328 A
849 1300 873 1336 1,
894 1301 911 1330 5
930 1303 976 1330 Tu
991 1302 1066 1329 fehlt
1079 1303 1109 1330 C.
1123 1320 1161 1324 —-
1180 1303 1201 1331 A
1217 1302 1244 1337 2,
1259 1302 1277 1330 2
1293 1305 1458 1333 laetabatur

151 1340 197 1366 vir
218 1339 248 1366 C.
269 1354 306 1358 ——
327 1336 348 1364 Β
371 1337 387 1365 1
407 1338 451 1366 Ad
472 1341 502 1366 te
521 1339 619 1367 locum
638 1341 798 1375 gratiarum
820 1342 872 1367 ete.
892 1341 930 1375 B;
951 1342 984 1367 in
1005 1340 1041 1367 C:

524 1406 558 1433 R.
583 1404 763 1433 Sublimatus
783 1406 815 1433 in
834 1408 981 1442 pastorem

617 1443 707 1471 Urbis
728 1445 909 1478 Bisuntinae,

580 1480 660 1508 Onus
679 1490 791 1517 gerenS,
812 1490 871 1509 non
890 1482 1038 1517 honorem,

616 1519 658 1546 Ut
681 1519 838 1547 Cherubim
858 1520 971 1556 gloriae

578 1555 651 1583 Plus
671 1557 797 1593 ignescit
815 1558 846 1584 in
864 1566 996 1594 saporem

615 1594 724 1622 Gustus
745 1596 926 1631 sapientiae3

523 1631 558 1659 V.
581 1632 678 1659 Maior
697 1633 790 1661 faetus
814 1642 849 1660 ex
868 1635 982 1663 minore

577 1669 676 1698 Minor
696 1672 795 1698 manet
813 1672 846 1698 in
865 1673 986 1701 maiore.

152 1730 172 1758 Β
194 1731 219 1766 2,
241 1731 257 1760 5
279 1733 373 1760 sancti
392 1732 465 1760 fehlt
481 1734 511 1761 C.
527 1749 563 1754 --
578 1733 595 1759 Β
614 1732 631 1762 3
651 1736 751 1764 Plebis
772 1736 886 1771 pondus
906 1739 1032 1765 sustinet
1051 1741 1102 1766 etc.
1120 1740 1159 1775 B3
1185 1740 1241 1768 Cor
1255 1739 1372 1769 Claudii
1391 1751 1459 1778 pur-

150 1773 272 1806 puratur
299 1773 350 1798 ete.
375 1770 412 1797 D.
439 1786 475 1789 —
500 1772 544 1799 1n
567 1773 676 1800 Laud.
703 1772 724 1800 A
745 1772 777 1808 3,
797 1773 814 1800 7
841 1775 913 1803 Vita
938 1777 1019 1803 euius
1051 1776 1081 1804 C.
1108 1793 1145 1797 —
1173 1779 1217 1806 In
1243 1776 1270 1804 2.
1289 1779 1394 1815 Vesp.
1422 1780 1459 1808 ad

150 1808 247 1844 Magn.
270 1808 291 1834 A
319 1807 342 1835 Ο
364 1808 560 1837 desolatorum
586 1811 752 1839 consolator
773 1814 825 1839 ete.
845 1814 1005 1848 prosaiseh.
1026 1814 1059 1842 B.
1087 1829 1126 1834 —
1151 1816 1191 1843 In
1218 1816 1390 1853 Complet.
1415 1818 1460 1846 Ad

151 1846 235 1873 Nune
254 1846 378 1874 dimittis
399 1844 421 1872 A
445 1848 476 1874 in
497 1847 534 1875 C:

580 1904 604 1932 Ο
626 1904 738 1940 Claudi,
760 1906 879 1942 praesul
901 1907 1020 1941 Christi,

577 1943 642 1970 Tua
663 1952 748 1979 prece
768 1943 813 1971 fac
832 1953 887 1972 nos
908 1946 976 1973 sisti

579 1980 692 2008 Summi
710 1982 787 2019 regis
808 1984 875 2010 aute
895 1983 1042 2016 thronum,

578 2018 625 2045 Ex
645 2027 701 2055 quo
723 2020 821 2056 prodit
841 2029 926 2049 omne
945 2022 1063 2055 bonum,

150 2073 258 2101 welche
278 2073 300 2100 A
321 2074 352 2102 in
375 2075 429 2105 KL
450 2075 487 2102 ad
505 2076 605 2111 Magn.
626 2077 710 2104 steht.

224 2130 267 2157 Zu
295 2131 402 2158 diesem
434 2131 567 2159 Officium
592 2132 721 2168 gehfiren
748 2134 825 2161 nach
850 2134 875 2161 B
902 2134 949 2162 die
973 2135 1125 2170 Hymnen:
1151 2139 1188 2166 In
1215 2137 1239 2165 1.
1260 2140 1365 2177 Vesp.:
1395 2144 1457 2171 1am

152 2168 285 2196 Christus
306 2169 390 2196 dator
409 2178 560 2198 munerum
580 2169 676 2205 (Anal.
697 2172 749 2206 IV,
772 2169 850 2206 l2l);
877 2173 914 2200 ad
933 2174 1034 2201 Noct:
1062 2174 1208 2204 Christum
1230 2177 1385 2208 laudemus
1406 2182 1457 2209 do-

149 2207 310 2234 minantem
330 2208 417 2234 astris
436 2207 531 2240 (Anal.
543 2208 597 2243 XI,
611 2206 673 2244 98)·,
696 2210 733 2237 ad
744 2210 856 2238 Laud:
875 2211 946 2238 lesu
957 2212 1082 2247 largitor
1095 2216 1203 2243 veniae
1214 2214 1312 2248 (Anal.
1329 2219 1380 2253 XI,
1396 2218 1458 2253 99);

149 2245 181 2271 in
195 2242 221 2271 2.
236 2245 339 2281 Vesp.:
360 2245 486 2281 Impleta
505 2248 606 2274 saneto
621 2248 736 2283 spiritu,
758 2248 875 2276 Divisio
889 2258 962 2277 von:
983 2250 1046 2278 Iam
1061 2250 1195 2281 Christ-us
1211 2253 1296 2281 dator
1306 2265 1457 2285 munerum

149 2280 243 2317 (Anal.
264 2284 314 2317 IV,
338 2280 410 2318 121).
449 2285 507 2312 Mit
526 2285 636 2313 diesem
657 2285 791 2314 Officium
811 2287 853 2313 ist
871 2287 923 2315 das
945 2288 1080 2322 gleiehen
1099 2290 1231 2329 Anfangs
1253 2293 1307 2320 auf
1321 2294 1459 2324 Edmund

148 2329 185 2347 zu
205 2320 398 2357 vergleichen,
419 2322 484 2350 dem
498 2323 713 2352 Vorstehendes
734 2325 788 2352 mit
801 2325 970 2354 Ausnahme
990 2326 1041 2354 der
1055 2325 1102 2354 AA
1120 2327 1147 2363 2,
1165 2328 1182 2357 3
1196 2339 1225 2357 u.
1239 2328 1259 2358 4
1278 2332 1311 2359 in
1333 2331 1358 2360 1.
1368 2334 1458 2372 Vesp.

147 2358 327 2395 vollstaudig
348 2360 479 2388 entlehnt
497 2363 544 2389 ist.
584 2362 651 2398 Vgl.
671 2371 700 2390 u.
721 2371 747 2390 a.
768 2364 800 2390 in
822 2361 846 2390 1.
866 2364 955 2401 Vesp.
978 2363 1007 2400 Β,
1029 2363 1056 2393 3.
