1653 2567
734 136 993 171 —269—

332 230 378 262 In
406 232 439 265 2.
465 232 698 266 Nocturno.

419 306 617 341 Antiphonae.

236 385 244 392 .
271 361 334 392 Pro
360 365 455 401 patre
480 365 588 403 proles
615 367 756 398 nascitur

272 408 318 439 Et
341 410 493 451 princeps
520 413 734 455 constituitur,

270 455 354 488 Dum
379 457 550 490 Helisaeus
573 460 689 493 Heliae

272 502 424 537 Succedit
449 506 481 538 in
508 507 671 547 regimine.

237 605 245 613 .
274 581 362 613 Deus
387 584 532 614 nostrum
558 582 727 627 refugium,

272 628 371 669 Laus,
398 630 511 671 virtus2
538 631 615 675 vita,
642 633 804 672 gaudium,

272 676 417 709 Helisaei
442 679 643 718 supplicibus

273 724 375 757 Nobis
402 735 553 758 succurre
579 727 738 768 precibus.

237 828 244 834 .
270 800 321 832 De
346 804 379 832 te
406 802 493 834 dicta
518 803 666 843 gloriosa,

319 848 459 881 Carmeli
486 850 663 892 collegium,

271 896 343 928 Tua
368 897 508 937 probant
533 898 679 937 speciosa

322 944 549 977 Fundamenta
573 946 743 979 montium.

411 1060 621 1095 Responsoria.

237 1151 244 1158 .
272 1126 412 1157 'ron—ens
440 1127 583 1159 exundat
607 1127 722 1169 subito,

273 1173 411 1214 Rigatur
435 1175 531 1206 tellus
556 1173 664 1217 fluvio,

271 1222 414 1262 Lecytus
439 1221 511 1255 fluit
535 1222 616 1261 oleo,

274 1270 361 1301 Vasa
386 1271 555 1309 replentur
580 1271 724 1313 liquid03

234 1343 241 1350 .
272 1318 427 1350 Miranda
452 1319 669 1358 augmentatio

277 1365 350 1397 Non
376 1368 447 1397 arte
471 1366 523 1397 vel
549 1367 690 1407 ingenio,

278 1413 342 1445 Sed
369 1414 437 1446 solo
463 1412 500 1446 fit
524 1414 673 1454 imperio.

238 1514 245 1523 .
274 1489 358 1522 Vitis
385 1489 561 1530 pestiferae

322 1547 476 1570 venenum
502 1537 615 1579 inficit,

270 1586 378 1619 Mixta
403 1585 544 1618 farinula

322 1635 487 1667 dulcorem
512 1633 622 1677 efficit,

273 1682 383 1715 Virtus
409 1683 602 1723 prophetica

321 1740 422 1771 panes
445 1731 651 1771 multiplicat,

273 1778 470 1811 Defunctum
496 1788 632 1819 puerum

318 1836 416 1868 prece
442 1826 601 1866 vivificat;

232 1903 239 1910 .
273 1876 298 1908 Ο
326 1885 420 1916 quam
446 1876 631 1917 praecipuis

321 1923 451 1965 effulget
475 1924 610 1965 meritis,

270 1972 331 2011 Qui
357 1973 404 2004 sic
431 1973 643 2005 communicat

320 2021 401 2053 vivis
428 2024 460 2053 et
485 2021 629 2055 mortuis,

236 2125 242 2132 .
269 2097 398 2138 Leprae
424 2097 605 2138 contagium

320 2146 471 2179 Iordanis
495 2145 609 2188 abluit,

271 2194 337 2227 Sed
362 2202 500 2234 poenam
529 2193 620 2226 Giezi

318 2242 478 2284 propheta
504 2241 626 2285 statuit,

270 2291 416 2324 Naturae
441 2290 584 2330 gravitas

318 2339 352 2371 in
378 2338 467 2371 ferro
493 2337 635 2370 vincitur

268 2387 314 2419 Et
340 2386 444 2419 saneti
469 2386 575 2428 pietas

318 2436 350 2467 in
376 2434 470 2467 hoste
495 2434 655 2473 cernitur3

894 234 933 268 V.
962 234 1058 274 Ecce,
1084 243 1143 265 nec
1169 233 1274 265 odium

1012 290 1071 313 nec
1096 281 1188 313 favor
1213 280 1344 321 geritur,

968 329 1042 362 Cum
1072 330 1224 360 damnans
1250 326 1401 359 famulum

1016 377 1098 409 hosti
1126 375 1327 416 compatitur.

1034 511 1074 542 ln
1103 511 1134 543 3.
1162 509 1393 541 Nocturno.

1113 584 1309 620 Antiphonae.

933 669 939 675 .
967 644 1036 675 Vox
1061 646 1163 683 sonet,
1190 646 1297 675 votum
1323 641 1435 672 iubilet

1015 691 1140 731 hymnis
1166 690 1233 722 Deo
1261 690 1355 727 datis,

965 739 1197 779 Prophetarum
1225 737 1363 770 oraculis

1013 786 1074 818 iam
1102 785 1345 826 praenuntiatis.

933 870 940 877 .
968 843 1142 875 Laetentur
1166 843 1198 874 in
1225 842 1360 874 ecclesia

1016 892 1162 923 doctores
1186 890 1299 922 summi
1324 889 1396 926 Dei,

967 939 1050 971 Nam
1075 938 1188 971 vident
1212 946 1320 969 omnes
1345 936 1456 976 populi

1015 986 1148 1026 gloriam
1173 985 1326 1017 Helisaei.

933 1069 939 1076 .
966 1043 1029 1075 Det
1055 1052 1172 1075 novum
1197 1042 1265 1074 Deo
1292 1042 1448 1073 canticum

1014 1091 1127 1122 chorus
1151 1090 1319 1129 jubilaeus,

969 1138 1024 1171 Cui
1052 1138 1207 1178 persolvit
1231 1138 1379 1177 spiritum

1016 1189 1145 1218 sanctus
1171 1185 1349 1219 Helisaeus.

1107 1262 1238 1297 Respons
1246 1261 1316 1287 aria.

934 1346 941 1352 .
967 1320 1076 1351 Fecun
1082 1320 1137 1351 dat
1162 1319 1291 1351 viduam

1017 1368 1127 1400 Helias
1152 1367 1304 1402 sterilem,

973 1415 1026 1448 Ad
1053 1415 1150 1447 vitam
1176 1414 1310 1446 suscitat

1015 1466 1125 1494 natum
1151 1466 1346 1502 emortuum;

971 1511 1068 1543 Sacer
1093 1510 1262 1542 Helisaeus

1015 1559 1139 1598 lepram
1165 1557 1350 1589 horribilem

968 1607 1069 1639 Tollit,
1094 1615 1164 1638 cum
1188 1606 1297 1637 ulcere

1015 1664 1074 1694 per
1099 1663 1202 1694 aquae
1225 1654 1407 1692 lavacrum3

928 1729 933 1735 .
966 1703 1089 1735 Neuter
1114 1702 1280 1743 gentilium

1018 1750 1193 1783 contemnit
1217 1750 1382 1790 populum,

968 1799 1029 1831 Ille
1054 1798 1232 1838 Sidonium,

1016 1847 1066 1879 hic
1094 1849 1183 1879 curat
1209 1845 1347 1886 Syrium.

932 1930 940 1938 .
967 1905 992 1938 Ο
1016 1905 1247 1945 prophetarum
1271 1901 1340 1945 fios,

1018 1953 1200 1985 destructor
1225 1951 1393 1990 scelerum,

966 2001 1087 2042 Regum
1115 1999 1244 2042 fiducia,

1015 2049 1161 2081 levamen
1185 2047 1380 2088 pauperum!

970 2096 1020 2128 Tu
1045 2106 1140 2129 sanas
1165 2095 1339 2137 morbidoS‚

1018 2145 1075 2176 das
1102 2144 1200 2176 vitam
1224 2142 1369 2182 mortuis,

967 2192 1067 2224 Totus
1093 2191 1266 2224 virtutibus

1016 2240 1195 2281 splendens
1220 2237 1383 2280 mirificis;

925 2313 932 2320 .
964 2288 1012 2320 Te
1035 2288 1171 2320 laudant
1195 2296 1295 2327 opera

1018 2336 1118 2368 divini
1141 2335 1290 2373 numinis,

966 2384 1026 2424 Qui
1052 2384 1134 2416 vivis
1161 2383 1293 2415 caelitus

1013 2440 1073 2464 nec
1097 2434 1201 2464 morte
1226 2431 1374 2465 vinceriS.
