1653 2567
679 102 940 138 —101—

162 201 195 233 3.
221 199 379 233 Innocens
404 198 496 240 virgo
520 199 667 232 manibus

267 247 405 287 Respuit
428 246 594 286 malitiam,

217 295 333 329 Verbis
356 304 420 327 non
444 294 595 326 inanibus

268 342 413 375 Suadens
440 341 640 381 pudicitiam.

187 425 194 433 .
219 399 388 439 Speciosus
411 407 493 438 prae
515 397 593 431 filiis

268 447 357 480 Deus
381 447 467 478 hanc
490 447 619 487 amavit,

221 496 282 537 Qui
308 494 390 527 rosis
418 496 449 526 et
472 493 551 526 liliis

270 542 436 583 Virginem
461 542 606 582 stipavit,

188 626 196 634 .
221 600 310 632 Deus
337 601 377 632 de
403 600 471 632 eius
494 598 601 631 medio

271 648 385 682 Cordis
411 656 475 680 non
500 647 697 686 movebatur,

223 695 292 729 Nec
317 696 407 736 virgo
433 693 537 727 fracta
562 694 668 726 taedio

269 743 358 776 Mori
382 742 642 775 subtrahebatur.

190 829 197 836 .
223 801 449 834 Fundamenta
471 801 505 832 in
532 800 693 832 montibus

270 849 391 888 Posuit,
420 857 514 889 quam
542 847 664 888 dilexit,

221 897 296 930 Sion
323 896 411 929 Deus
437 895 609 929 virtutibus

269 945 444 977 Laetanter
469 944 552 976 hanc
576 943 709 975 invexit.

361 1018 569 1055 Responsoria.

190 1104 197 1112 .
223 1078 431 1119 imperatoris
455 1076 549 1109 Decii

271 1125 457 1166 Tyrannide
481 1124 618 1167 vigente,

221 1175 284 1207 Per
311 1173 438 1205 diversa
462 1171 613 1212 supplicii

272 1221 399 1254 Genera
427 1220 570 1252 irruente

222 1269 262 1302 In
287 1269 400 1308 vulgus
424 1267 653 1309 Alexandriae,

223 1317 261 1350 In
286 1318 413 1349 sanctos
439 1316 603 1357 acerrime,

183 1392 190 1400 .
221 1363 331 1397 Sancti
356 1365 549 1404 mactantur,

270 1412 400 1444 calamis
426 1412 511 1443 oculi
535 1410 749 1444 terebrantur,

188 1494 196 1503 .
224 1470 252 1502 A
277 1469 433 1501 ministris
458 1467 579 1501 diaboli

270 1516 373 1549 Beata
396 1516 572 1557 Apollonia

223 1565 278 1598 Ad
303 1564 446 1597 tribunal
474 1563 593 1596 domini

268 1612 406 1645 Ducitur
430 1612 594 1650 inviolata,

223 1660 467 1701 Parvipendens
493 1659 629 1692 verbera

220 1709 266 1742 Et
289 1709 410 1749 probra
433 1708 597 1750 irrogata,

181 1783 188 1790 .
218 1756 265 1791 Ut
289 1757 375 1790 mitis
402 1765 484 1797 agna

269 1805 405 1845 pertulit
430 1803 590 1845 supplicia
614 1813 740 1845 magna.

189 1891 195 1898 .
222 1864 325 1896 Iudex
350 1863 435 1896 hanc
459 1865 580 1895 castam
605 1861 763 1902 virginem

268 1911 406 1944 Blandis
431 1910 539 1943 verbis
564 1910 722 1950 hortatur,

220 1960 347 1992 Adoret
370 1962 407 1991 ut
429 1960 600 2000 imaginem

269 2007 365 2051 Iovis,
394 2017 529 2048 poenam
554 2007 705 2045 minatur,

221 2057 287 2090 Sed
313 2056 391 2088 haec
418 2056 505 2097 virgo
532 2054 715 2088 Christiana

221 2104 316 2138 Idola
341 2104 487 2144 despexit
513 2113 606 2137 vana.

148 2154 188 2187 V.
215 2152 402 2186 Daemoniis
426 2151 524 2192 plena

270 2201 350 2234 haec
371 2203 455 2241 sunt,
483 2200 530 2232 ait
546 2200 636 2241 virgo
654 2208 778 2232 serena.

163 2261 195 2293 3.
221 2259 278 2292 Fit
301 2259 456 2294 tumultus
481 2257 672 2299 populorum

267 2307 305 2340 In
332 2307 489 2347 virginem
516 2304 732 2351 clamantium,

220 2356 311 2397 Quod
341 2364 419 2388 vasa
446 2354 684 2404 daemoniorum
735 2384 741 2390 ,

267 2404 350 2436 Esse
374 2403 629 2438 inhabitantium

851 802 884 834 2.

911 198 1005 232 Idola
1028 200 1237 239 protestatur,

911 247 1000 286 Quod
1027 245 1136 278 orbem
1161 247 1392 285 tormentatnr3

869 320 877 327 .
910 295 1017 327 Morte
1043 294 1273 326 condemnatur

954 350 1015 374 nec
1040 341 1129 382 virgo
1155 342 1203 373 sic
1228 342 1410 380 superatur.

968 467 1014 500 In
1041 467 1073 499 2.
1100 464 1334 498 Nocturno.

1055 539 1252 577 Antiphonae.

876 625 883 633 .
909 599 1051 632 Annunti
1056 602 1118 640 ate,
1145 602 1266 641 gentes,

960 646 1103 679 Gloriam
1127 647 1328 688 Apolloniae,

910 695 1048 734 Quarum
1073 695 1200 726 sanavit
1224 696 1346 727 mentes

957 743 1014 776 Pio
1039 741 1261 776 medicamine.

911 800 1073 834 Viderunt
1097 808 1205 832 omnes
1229 799 1341 840 populi

958 848 1091 880 Patrata
1115 846 1285 888 mirabilia,

912 896 997 935 Quae
1021 896 1119 936 Deus,
1146 897 1258 927 auctor
1282 895 1411 935 saeculi,

959 942 1066 976 Gessit
1089 943 1124 976 in
1149 943 1223 975 Sion
1249 941 1326 976 filia.

878 1026 885 1034 .
912 1002 951 1034 In
980 1002 1151 1040 conspectu
1175 999 1306 1032 Domini

957 1048 1080 1082 lubilet
1103 1049 1285 1080 sanctorum

913 1097 1035 1138 Contio,
1063 1095 1147 1136 quod
1173 1096 1286 1136 virgini

959 1144 1031 1177 Lux
1056 1145 1127 1175 orta
1152 1145 1200 1174 est
1224 1146 1390 1175 iustorum.

1051 1218 1260 1254 Responsoria,

879 1304 885 1311 .
911 1277 1046 1309 Praeses
1070 1276 1169 1316 iubet,
1196 1278 1233 1308 ut
1257 1274 1399 1308 furentes

958 1324 1160 1365 Paganorum
1185 1324 1297 1364 populi

911 1372 1102 1412 Apolloniae
1127 1374 1204 1404 tunc
1231 1372 1341 1404 dentes

957 1419 1134 1451 Excutiant
1158 1420 1205 1451 sic
1229 1420 1357 1460 singuli,

918 1466 983 1499 Sed
1009 1467 1128 1500 Christi
1153 1468 1244 1508 virgo
1269 1467 1395 1505 nobilis,

912 1514 996 1547 Fide
1020 1517 1086 1547 stat
1106 1515 1288 1554 immobilis,

875 1588 882 1596 .
912 1563 1024 1595 Mente
1047 1564 1117 1596 Deo
1143 1564 1212 1595 tota

968 1611 1108 1644 reddens
1133 1610 1259 1644 Christo
1284 1620 1342 1643 sua
1368 1614 1448 1643 vota.

882 1694 888 1700 .
916 1668 1047 1701 Rubens
1072 1677 1108 1701 os
1133 1669 1311 1709 virgineum

963 1716 1158 1757 Forcipibus
1183 1720 1346 1757 gravatur,

915 1764 1109 1798 Mandibula
1135 1765 1276 1797 dentium

963 1840 969 1846 .
999 1840 1005 1846 .
1038 1843 1041 1846 .
1067 1813 1260 1853 annullatur,

916 1861 1105 1894 Abhorrent
1129 1861 1270 1901 gentium
1294 1863 1417 1893 mentes

918 1908 1073 1951 Gingiaas
1097 1918 1209 1942 cruore
1232 1907 1387 1950 fluente53

872 1982 879 1989 .
914 1957 1009 1990 Haec
1033 1966 1093 1998 pro
1119 1960 1151 1989 te
1175 1957 1231 1997 pia

960 2006 1049 2046 virgo
1076 2004 1140 2038 fert
1165 2005 1355 2046 Apollonia.

886 2088 892 2096 .
919 2063 1065 2096 Hori-ent
1085 2063 1170 2095 hanc
1195 2063 1306 2095 videre
1330 2067 1453 2104 gentes,

963 2111 1055 2150 Quod
1080 2111 1242 2151 sanguinis
1266 2109 1436 2151 profluxio,

917 2159 987 2192 Nec
1012 2159 1051 2191 ob
1069 2160 1131 2192 hoc
1146 2159 1340 2200 protrahunt
1356 2164 1480 2192 mentes

965 2207 1016 2240 Ab
1043 2207 1162 2240 erroris
1187 2206 1284 2248 invio,

919 2255 966 2289 Ut
999 2255 1183 2288 collaudent
1208 2263 1322 2288 nomen
1348 2256 1481 2297 Christi,

920 2304 1059 2337 Vincere
1083 2303 1138 2345 qui
1164 2303 1294 2345 dedisti,

801 2350 827 2387 .'
848 2353 888 2385 V.
920 2352 985 2386 Sed
1010 2353 1111 2393 magis
1136 2352 1260 2385 insania

974 2398 1102 2433 fremuit
1116 2410 1193 2443 gens
1210 2404 1317 2435 mente
1332 2401 1482 2443 profana,
