1655 2568
657 87 890 123 -2g...

200 186 270 219 Sibi
293 195 442 227 sponsam
466 186 562 218 hodie

247 234 411 268 Cataniam
434 233 549 267 induit.

143 293 175 324 2.
203 290 334 322 Catania
357 291 421 322 iam
444 289 578 329 suscipit

248 337 340 370 Hanc
362 338 397 369 in
419 336 596 376 devotione,

202 385 300 424 Quam
326 387 359 416 et
381 385 453 424 ipsa
476 393 561 416 nunc
583 383 697 422 recipit

247 433 286 465 In
310 431 504 464 iubilatione.

146 490 180 522 3.
203 488 293 521 Haec
315 489 349 520 in
372 488 489 519 mundo
513 485 671 527 redolens,

249 535 376 568 Rubens
401 535 489 566 velut
512 542 594 574 rosa,

202 582 303 615 Terra
326 590 451 622 semper
474 589 662 621 permanens

249 629 311 661 fuit
335 630 369 661 in
393 637 519 668 aquosa.

148 689 180 720 4.
205 684 362 724 Profecta‚
389 689 425 717 ut
447 684 644 725 promittitur

251 733 296 766 Et
320 733 479 772 scriptura
505 732 592 772 dicit,

201 781 299 821 Virgo
326 780 482 812 Graecum
511 780 659 811 deserens

250 828 353 859 Deum
379 827 548 859 benedicit.

147 887 177 919 5.
203 884 348 924 Agathae
373 883 535 915 Cataniam

247 931 427 964 Translatio
454 931 593 972 decorat,

207 979 292 1017 Quae
315 986 374 1018 pro
399 977 463 1009 suis
488 976 656 1009 Dominum

252 1025 379 1057 Laudat
403 1026 434 1056 et
458 1024 617 1064 implorat.

323 1098 369 1127 Ad
389 1099 571 1126 Benedictus.

135 1157 177 1189 A.
205 1156 310 1188 Adest
332 1156 467 1188 illustris
491 1155 636 1196 Agathae

254 1204 385 1236 Festum
411 1203 572 1235 relationis

880 182 1074 215 Graecorum
1098 184 1206 222 spreto
1231 181 1369 222 climate,

926 229 1019 262 Scuto
1045 228 1239 262 defensionis

879 278 1054 310 Transacto
1078 276 1189 309 mundi
1214 277 1343 309 tramite

927 323 1079 357 Caelestis
1104 324 1276 358 mansionis

881 372 980 405 Nobis
1006 371 1193 404 beneficium

926 420 1082 460 impetret
1106 422 1139 451 et
1161 419 1300 452 honoris

951 543 996 574 In
1020 544 1051 575 2.
1078 542 1297 582 Vesperis.

997 626 1043 654 Ad
1061 625 1241 663 Magnificat.

843 712 850 719 .
882 684 1004 725 Gaude,
1031 685 1125 716 tellus

930 734 997 764 tota
1019 732 1143 770 Italiae,

882 779 983 811 Laeta
1007 779 1118 810 matris

929 825 1077 858 laudibus
1102 826 1258 867 Agathae‚

881 873 928 904 Et
951 876 986 905 ‘tu
1010 873 1105 906 turba

930 920 1048 960 plaude
1073 920 1233 959 Cataniae,

884 967 1006 1000 Tantae
1031 965 1117 999 facta

932 1023 1033 1054 capax
1057 1014 1210 1053 laetitiae,

885 1061 980 1094 Cuius
1008 1064 1111 1094 mater

931 1109 1043 1140 inclita
1066 1109 1162 1141 hodie

886 1154 1051 1188 (letaniam
1076 1158 1125 1188 est.

932 1203 1035 1235 relata
1060 1212 1203 1242 corpore.

213 1268 298 1295 Brev.
328 1266 637 1295 Gallicano-Siculum
663 1268 731 1302 imp.
760 1267 891 1294 Venetiis
920 1264 1001 1294 1527.
1028 1281 1065 1285 —
1090 1267 1131 1295 In
1160 1267 1184 1295 1.
1203 1269 1253 1297 No
1263 1271 1303 1295 et.
1325 1266 1347 1294 Α
1369 1266 1400 1303 2,
1425 1266 1443 1294 2

138 1305 287 1333 Graeciae.
308 1321 338 1325 —
364 1305 404 1332 In
425 1302 450 1331 2.
471 1305 570 1333 Noct.
593 1303 615 1330 Α
638 1303 663 1338 1,
684 1302 702 1332 3
716 1305 779 1333 Hos
799 1305 926 1333 instruit.
946 1319 985 1325 ν-
999 1304 1021 1332 Α
1037 1303 1064 1340 2,
1078 1304 1095 1332 2
1110 1309 1202 1334 mater
1217 1309 1245 1334 et
1257 1309 1391 1341 patrona.
1404 1322 1443 1326 —

141 1341 162 1369 R
183 1341 209 1378 3,
232 1341 250 1369 2
265 1343 477 1371 cataniensem.
499 1357 534 1361 —
555 1343 596 1370 In
615 1340 642 1370 3.
662 1343 766 1370 Noct.
783 1341 804 1369 Α
826 1340 852 1376 3,
872 1340 893 1370 4
912 1344 1106 1372 conscendere
1123 1345 1187 1372 rite.
1202 1359 1239 1363 —
1258 1343 1278 1370 R
1293 1343 1319 1378 2,
1340 1342 1358 1372 8
1372 1345 1445 1372 haec

139 1383 268 1446 eDrgiingt.
285 1396 324 1400 —
343 1381 395 1444 In]
405 1380 512 1445 Lagfg'
523 1378 555 1424 μΑ
577 1378 605 1414 5,
624 1378 818 1446 3ld0mina21.
838 1396 877 1445 l—
889 1378 1067 1448 ΧΑὲΙΙΙΞεῑῇεᾱ,
1080 1381 1115 1447 {322
1118 1381 1191 1448 Su105
1199 1382 1387 1410 defensionis.
1406 1397 1445 1402 —

171 1428 199 1447 ie
249 1427 357 1453 ymnen
397 1427 426 1445 es
505 1426 597 1445 ciums
616 1427 655 1455 vg
669 1437 675 1444 .
695 1426 763 1446 man
810 1426 849 1445 na
862 1439 868 1445 .
977 1438 984 1452 ,
1034 1428 1056 1446 r.
1117 1435 1154 1439 —
1193 1439 1199 1446 .

596 1510 623 1541 8.
655 1509 699 1541 Dc
719 1512 829 1542 sancta
848 1511 980 1551 Agnetc.

279 1579 323 1612 In
352 1579 382 1613 1.
408 1580 623 1621 vesperis.

140 1656 184 1691 R.
212 1655 344 1688 Florum
370 1654 537 1688 fasciculus

259 1704 420 1743 Fragrans
449 1712 507 1742 per
531 1705 667 1747 saecula,

212 1749 374 1783 Inundans
401 1750 520 1782 rivulus

261 1796 415 1836 Pigmenti
440 1798 562 1840 pocula,

213 1844 253 1877 In
278 1844 369 1876 annis
394 1845 511 1877 teneris

260 1891 396 1923 Ardoris
421 1890 537 1934 facula,

214 1938 294 1979 Ave,
320 1947 398 1978 prae
422 1940 535 1971 ceteris

262 1985 357 2019 Felix
375 1986 552 2029 iuvencum,

144 2033 183 2066 V.
210 2033 353 2066 Vernaus
380 2034 589 2067 carbunculus

263 2082 303 2113 In
324 2081 415 2121 regni·
437 2082 527 2122 solio,

218 2128 345 2160 Amoris
369 2128 481 2161 titulus

268 2175 393 2207 Lucens
417 2177 451 2208 in
476 2177 568 2210 atrio.

345 2250 390 2277 Ad
409 2250 588 2287 Mag-nificat.

149 2308 189 2340 A.
218 2305 371 2347 Speciosa
395 2310 561 2353 gemmula,

266 2355 333 2388 fide
355 2356 555 2398 subarrhata,

888 1592 979 1624 Inter
1004 1593 1117 1625 choros
1142 1593 1298 1633 virginum

936 1639 1026 1680 virgo
1051 1641 1231 1682 sublimata,

890 1685 1020 1727 Nuptiis
1045 1688 1119 1728 agni

939 1743 1021 1774 agna
1047 1736 1196 1775 copulata

894 1780 1009 1812 Oscula
1033 1782 1132 1814 sentis

940 1829 1004 1860 iam
1026 1829 1221 1862 desiderata.

894 1875 958 1907 Per
982 1879 1015 1907 te
1036 1876 1186 1909 laborans
1210 1877 1279 1909 filia

943 1921 1005 1954 fuit
1027 1924 1198 1964 consolata,

896 1969 982 2008 Quae
1006 1971 1069 2003 iam
1097 1981 1168 2003 cum
1193 1976 1295 2005 matre
1319 1973 1424 2006 libera

944 2025 1057 2058 regnas
1083 2024 1242 2055 coronata.

897 2064 990 2097 Tolle
1013 2064 1159 2099 facinora

945 2120 1004 2153 per
1029 2116 1169 2157 precata,

899 2160 963 2192 Per
987 2162 1020 2192 te
1043 2162 1258 2202 tranquillitas

947 2207 991 2239 sit
1015 2209 1148 2248 collata3

901 2254 926 2287 O
952 2255 1098 2297 benigna,
1123 2257 1219 2291 laude
1245 2259 1351 2300 digna,

903 2302 1002 2342 Quam
1029 2305 1134 2336 evexit
1159 2310 1191 2338 et,
1214 2308 1363 2347 provexit

952 2350 1007 2383 Vis
1032 2352 1159 2387 amoris.
