1653 2567
698 157 960 194 -189—

169 250 209 285 V.
241 251 301 290 Qui
325 252 435 294 Moysi
460 254 589 286 oraculo

287 300 458 341 Templum
480 310 544 333 non
568 304 712 334 urentem

241 346 333 380 Vidit
357 348 463 389 ignem
488 348 522 380 in
548 349 754 382 tabernaculo

291 395 403 427 Caelos
428 398 622 436 tangentem.

209 477 216 484 .
242 452 361 485 Divino
388 453 485 492 clipei

288 510 385 541 super
409 500 522 532 urbem
548 502 616 534 sole
640 501 791 534 rubentes

240 548 436 581 Absterrent
460 550 567 581 hostes

290 604 445 629 conversa
470 597 568 629 caede
593 596 747 641 furentes,

201 670 208 677 .
241 643 287 675 Et
311 643 445 677 totidem
470 644 602 677 iuvenes

292 694 404 724 arcent
429 701 448 723 a
473 693 637 725 moenibus
662 692 762 734 ignes.

305 807 353 838 In
379 807 412 840 3.
437 806 669 840 Nocturno.

386 881 583 917 Antiphonae.

208 965 215 972 .
244 938 442 972 Aethereum
467 948 572 972 rorem

291 987 414 1027 lignum
440 988 592 1028 suscepit,
619 987 750 1019 odorem

245 1034 337 1066 Dans
359 1037 471 1067 contra
494 1044 617 1067 morem

292 1082 449 1122 produxit
473 1082 585 1115 laurea
609 1080 730 1114 florem.

208 1162 215 1170 .
247 1138 344 1171 Cuius
371 1139 451 1171 odor
476 1139 550 1177 late,

294 1187 390 1228 longe
416 1186 550 1218 diffusus
575 1189 608 1218 et
632 1186 697 1217 alte

243 1234 361 1275 Aegris
388 1234 516 1267 divinae

297 1283 373 1314 tulit
397 1281 553 1314 auxilium
578 1281 766 1315 medicinae.

209 1365 215 1370 .
244 1338 327 1371 Dum
355 1339 484 1381 praesul
510 1339 626 1382 plorat,

292 1387 385 1427 plebs
409 1387 531 1426 psallit,
560 1387 664 1419 clerus
677 1386 803 1428 adorat,

246 1435 299 1466 Ad
327 1443 420 1467 sacra
444 1443 503 1466 rex
528 1435 642 1473 tendit,

296 1481 480 1515 chirotheca
502 1483 618 1514 relicta
638 1482 804 1522 pependit.

380 1557 590 1593 Responsoria.

214 1642 222 1649 .
249 1616 274 1649 O
302 1625 396 1657 quam
422 1614 526 1647 felicis

293 1664 522 1703 imperatorem
547 1663 730 1706 memoriae,

247 1712 272 1744 Ο
301 1712 404 1744 virum
430 1711 558 1743 virtutis

297 1762 329 1791 et
353 1760 483 1799 plenum
509 1760 642 1800 gratiae,

246 1808 344 1848 Quem
370 1806 437 1840 ales
462 1807 496 1839 in
521 1806 695 1839 solitudine

246 1856 377 1889 Solatur
401 1855 540 1887 humano
565 1854 694 1897 famine,

245 1905 306 1944 Qui
330 1906 475 1936 sanctam
499 1903 612 1935 urbem
639 1903 800 1935 recensuit

244 1953 290 1985 Et
312 1951 529 1993 patriarcham
555 1951 714 1995 restituit3

203 2029 209 2035 .
241 2002 331 2034 Inter
355 2000 458 2033 multa

294 2047 497 2082 Constantini
524 2047 658 2080 donaria

243 2097 385 2130 Divinae
410 2096 521 2128 mortis

295 2144 392 2186 elegit.
415 2143 585 2184 supplicia.

212 2228 219 2234 .
245 2202 395 2242 Laetare,
422 2201 477 2241 pia
499 2204 612 2241 mater,

291 2249 454 2292 Aquensis
480 2250 626 2288 ecclesia,

245 2299 396 2342 Exsulta,
422 2300 489 2329 tam
514 2298 558 2338 pii
581 2296 739 2338 principis

292 2346 412 2381 habere
439 2344 602 2387 suffragia,

246 2395 309 2434 Qui
334 2404 392 2429 sua
417 2394 519 2435 regali

294 2441 513 2477 munificentia

928 255 974 287 Te
1001 255 1116 288 ditavit
1141 257 1173 286 et
1196 253 1305 287 beavit

974 304 1006 335 in
1033 303 1143 345 gloria,

857 350 895 383 V.
926 351 1021 383 Cuius
1047 350 1167 390 labore,
1193 350 1339 389 impensa

977 402 1008 430 et
1034 406 1131 437 opere

929 446 1080 478 Meruisti
1103 446 1268 477 universas

974 493 1180 534 praecellere.

875 561 906 592 2.
935 559 1082 592 Gloriose

980 607 1097 640 Christi
1124 605 1296 645 confessor,
1324 605 1446 648 Carole,

931 655 1014 688 Iuris
1040 657 1146 687 rector

979 705 1011 734 et
1035 704 1200 743 protector
1223 700 1376 740 iustitiae,

930 751 984 782 Ad
1010 753 1043 781 te
1067 750 1271 781 clamantium
1297 747 1414 779 exaudi

977 806 1089 838 preces
1116 800 1148 829 et
1172 800 1246 829 vota
1270 797 1406 835 tuorum,

860 846 899 879 V.
929 845 975 878 Ut
999 847 1074 886 post
1095 845 1190 877 huius

981 893 1065 925 vitae
1092 892 1260 933 dispendia

932 941 1050 973 Tecum
1075 949 1203 980 semper

980 987 1125 1020 fruamur
1150 988 1259 1028 gloria.

1015 1104 1060 1135 In
1092 1101 1327 1134 Laudibus.

1070 1176 1268 1212 Antiphonae.

875 1234 905 1268 1.
931 1235 1140 1267 Praecinctus
1165 1233 1356 1266 fortitudine

932 1282 977 1314 Et
1000 1284 1120 1322 potltus
1144 1282 1279 1314 victoria

933 1330 1080 1362 Donatur
1104 1330 1320 1361 sanctitudine

933 1377 1003 1410 Rex
1030 1377 1164 1410 Carolus
1189 1378 1223 1408 in
1248 1376 1360 1417 gloria.

876 1445 908 1477 2.
934 1443 1109 1476 Iubilemus
1135 1443 1290 1475 altissimo

934 1492 972 1524 In
998 1491 1120 1523 athleta
1143 1491 1354 1534 sanctissimo,

935 1539 993 1572 Cui
1018 1540 1115 1571 missa
1140 1547 1198 1578 per
1223 1539 1372 1579 spiritum

935 1588 1038 1620 Cerva
1065 1587 1155 1618 duxit
1181 1586 1366 1621 exercitum.

876 1654 907 1686 3.
931 1653 970 1686 ln
998 1653 1124 1685 deserto
1152 1653 1225 1685 dum
1253 1652 1363 1685 devias

933 1701 980 1733 Et,
1004 1701 1136 1741 exponis
1161 1701 1321 1740 excubias

935 1748 1008 1781 Tibi
1034 1749 1123 1781 Deus
1149 1748 1309 1790 adparuit,

934 1797 1013 1829 Ales
1039 1796 1123 1829 viam
1150 1797 1304 1829 exhibuit.

877 1865 909 1898 4.
942 1863 1106 1897 Passionis
1134 1864 1312 1896 dominicae

935 1913 1115 1945 veneratus
1140 1912 1306 1953 miracula,

934 1960 1056 2000 Regem
1082 1959 1211 1992 virtutis
1236 1959 1376 1992 caelicae

930 2008 1105 2040 Benedixit
1127 2017 1160 2039 in
1185 2007 1321 2040 saecula.

875 2075 906 2107 5.
933 2073 1098 2106 Passionis
1124 2074 1303 2106 dominicae

933 2122 1061 2154 Laudes
1089 2121 1231 2154 dicamus
1254 2122 1402 2166 Domino,

935 2170 994 2209 Qui
1021 2169 1135 2209 culpae
1158 2170 1246 2201 misit
1270 2170 1377 2210 regiae

939 2217 1091 2250 Chartam
1118 2217 1253 2250 latorem
1279 2218 1401 2252 veniae.

1051 2321 1097 2349 Ad
1116 2321 1304 2350 Benedictus.

940 2390 995 2423 Sol
1024 2388 1162 2434 defectu,
1190 2391 1268 2423 luna
1292 2392 1435 2425 tenebris

984 2440 1124 2472 Fuscato
1149 2440 1261 2472 mundi
1287 2440 1417 2484 lumine,
