1653 2567
690 95 950 131 --108-ρ

239 192 286 224 Te
311 196 396 225 serto
423 192 677 225 immarcessibili

285 240 393 279 Digne
417 240 505 273 Deus
529 240 714 273 sublimavit

237 287 281 319 Et
306 288 454 320 mercede
477 286 627 321 infinibili

285 334 430 367 Electam
459 335 682 375 remuneravit,

240 382 306 414 Nos
334 385 458 415 tuarum
481 384 600 415 virtute
624 391 754 423 precum

239 430 347 461 Trahe
370 439 466 470 super
497 430 604 462 sidera
627 432 742 462 tecum.

1032 190 1102 218 Alia
1121 190 1300 226 Antiphona.

930 240 1025 280 Virgo
1052 239 1171 273 Christi
1197 238 1324 279 egregia

924 287 986 320 Pro
1011 287 1113 328 nobis,
1138 285 1321 326 Apollonia,

926 335 1042 368 Funde
1066 343 1178 375 preces
1203 335 1244 366 ad
1267 332 1449 371 Dominum,

924 382 975 414 Ne
999 391 1057 423 pro
1083 385 1173 414 reatu
1198 381 1363 414 criminum

925 430 1086 463 Vexemur
1107 429 1219 462 morbo
1246 428 1397 462 dentium.

249 495 371 531 Antiph.
394 503 447 523 ms.
470 496 699 523 Franciseanum
723 502 797 522 saec.
820 493 864 523 16.
896 495 964 524 Cod.
985 495 1150 523 Bruxellen.
1172 492 1256 523 6434.

620 577 665 609 38.
699 577 744 610 De
763 577 869 609 saneto
889 577 1036 609 Arnoldo.

306 639 352 671 In
379 638 411 671 1.
438 638 465 667 V
477 639 656 678 esperiS.

380 703 577 738 antiphonae.

209 788 216 794 .
243 761 388 801 Laetare,
412 764 513 793 mater
537 760 680 801 ecclesia,

242 809 334 841 Nova
357 817 505 848 promens
532 808 654 839 cantica

243 857 282 888 In
306 856 394 888 beati
417 855 555 888 Arnoldi
578 855 739 887 memoria.

207 939 214 946 .
241 911 346 944 Fulsit
371 912 473 944 clarus
499 920 517 943 e
542 910 686 948 Graecia,

241 959 375 992 Sanctus
399 960 431 991 in
460 958 640 998 Germania,

241 1006 367 1039 Gaudet
389 1006 424 1038 in
450 1006 530 1037 caeli
554 1006 668 1045 gloria.

212 1089 219 1097 .
248 1063 389 1096 Gloriam
412 1062 517 1094 laudis

246 1110 364 1143 Christi
392 1110 522 1141 devotus
549 1109 663 1141 extulit

241 1158 287 1189 Et
303 1156 441 1189 labentis
461 1154 572 1188 florem
596 1156 706 1188 mundi

244 1204 312 1236 Deo
337 1207 445 1243 gratus
470 1203 593 1235 obtulit.

210 1287 216 1293 .
243 1260 389 1292 Paradisi
413 1260 572 1291 sitientem

243 1308 388 1340 Christus
411 1306 645 1338 indeficientem

243 1356 297 1387 Ad
322 1353 441 1385 fontem
464 1356 557 1385 vocat
579 1353 685 1386 hodie.

212 1440 217 1445 .
244 1412 311 1444 lam
338 1410 416 1441 caeli
441 1410 565 1442 scandit
590 1410 714 1450 agmina

245 1458 454 1492 citharoedus
480 1458 522 1489 ad
546 1458 663 1496 gaudia

244 1506 388 1537 Laudum
417 1513 531 1536 canens
556 1505 735 1543 praeconia.

360 1579 405 1606 Ad
422 1578 603 1614 Magnificat.

206 1656 212 1662 .
244 1627 431 1670 Magnificat
454 1631 581 1659 sanctus
606 1629 768 1662 Arnoldus

290 1678 395 1707 mente
418 1675 474 1715 pia
496 1674 665 1707 Dominum

244 1723 375 1755 Laetum
400 1723 433 1753 in
459 1721 527 1753 Deo
551 1722 684 1754 salutari
711 1720 795 1767 (suo)

292 1778 418 1809 semper
440 1777 551 1808 gerens
574 1769 732 1810 spiritum,

243 1819 340 1858 Quem
364 1825 571 1856 supernorum

243 1866 350 1897 Iunxit
374 1864 486 1895 turmis
513 1863 626 1895 civium

244 1913 397 1952 Christus,
417 1911 502 1943 salus
528 1913 676 1951 omnium,

243 1961 302 1999 Qui
326 1960 368 1992 sit
391 1968 519 1990 suorum

245 2007 377 2047 Semper
403 2007 466 2038 dux
490 2005 643 2039 fidelium.

309 2101 368 2134 Ad
392 2101 660 2134 Matutinum.

379 2167 594 2194 Invitatorium.

246 2226 339 2266 Voce,
367 2228 449 2264 voto,
477 2224 574 2257 corde
598 2228 664 2257 toto

289 2273 457 2305 iubilemus
485 2272 629 2313 Domino,

244 2322 302 2360 Qui
327 2324 505 2353 sanctorum
530 2320 664 2353 sociavit

288 2368 466 2400 Arnolclum
493 2369 660 2401 consortio.

988 639 1035 671 In
1060 638 1091 672 1.
1117 638 1177 670 No
1189 641 1350 671 oturno.

1069 702 1266 738 Antiphonae.

893 786 900 793 .
926 761 1044 793 Beatus
1072 761 1130 795 vir,
1157 761 1209 800 qui
1233 761 1406 793 meditatur

926 807 1041 847 Legem
1067 807 1127 839 Dei
1153 810 1185 838 et
1208 809 1373 848 plantatur

926 854 1020 886 Velut
1044 854 1166 894 lignum
1190 854 1386 888 fructificans

924 903 961 934 In
987 905 1140 940 tempore.

892 989 899 996 .
927 963 1110 996 Sanctitatis
1134 963 1264 995 semitas

972 1010 1074 1042 laetus
1100 1010 1322 1053 apprehendit,

923 1057 1144 1090 Hereditatem
1168 1057 1332 1096 postulans

972 1105 1051 1138 caeli
1075 1105 1193 1144 gaudia
1219 1105 1412 1138 conscendit.

892 1188 900 1195 .
926 1165 1065 1197 Ardenti
1091 1165 1250 1197 desiderio

969 1212 1118 1245 clamavit
1140 1213 1183 1244 ad
1207 1213 1385 1255 Dominum,

925 1259 985 1298 Qui
1011 1260 1052 1291 tle
1074 1263 1182 1292 monte
1205 1263 1316 1292 sancto
1340 1270 1430 1293 suum

973 1306 1134 1339 exaudivit
1161 1305 1323 1341 famulum.

1060 1400 1268 1436 Responsoria.

891 1482 899 1489 .
924 1458 1103 1496 Imperator
1128 1459 1203 1490 dum
1227 1460 1413 1498 praeclarus

924 1503 1144 1536 Monarchiani
1170 1506 1335 1545 dignitatis

926 1552 1057 1585 Carolus
1082 1553 1275 1593 moderatur,

926 1599 984 1632 Vir
1010 1600 1113 1631 clarus

926 1647 955 1678 E
983 1646 1126 1691 Graecia,
1155 1647 1356 1681 citharoedus

926 1695 964 1726 In
989 1695 1062 1726 aula
1087 1695 1284 1737 collaetatur,

886 1765 893 1772 .
924 1741 1049 1772 Virtute
1071 1743 1196 1780 pollens
1220 1744 1302 1775 mira

926 1788 1045 1821 Christi
1068 1793 1147 1822 nutu
1168 1789 1281 1822 beatus

925 1837 1099 1869 Arnoldus

893 1917 900 1924 .
928 1892 1004 1925 Cum
1029 1894 1061 1924 in
1087 1894 1303 1926 citharoedum

925 1940 979 1972 Ad
1004 1940 1083 1980 regii
1108 1940 1225 1974 fastum
1253 1944 1377 1975 decoris

924 1987 1136 2027 Reciperetur
1157 1989 1331 2030 „ai-nolens,

926 2035 1023 2067 Velut,
1046 2036 1152 2068 David

927 2083 966 2114 In
989 2083 1120 2115 citharis
1144 2084 1242 2117 variis

927 2131 1122 2162 Musicorum
1148 2132 1271 2165 artibus

925 2179 1029 2210 Aures
1054 2179 1139 2219 regis
1162 2179 1374 2217 demulcebat.

889 2252 895 2258 .
927 2226 1071 2258 Prudens
1096 2235 1134 2259 ac
1157 2228 1260 2260 laetus
1287 2230 1407 2264 Christi

928 2274 1121 2314 Syphoniam
1148 2275 1232 2307 dulci

927 2322 1118 2354 Modulabat
1141 2332 1218 2355 sono

927 2370 963 2401 In
992 2369 1122 2402 citharis
1146 2371 1221 2405 suis.
