1653 2567
710 132 752 137 —
807 110 973 146 231-

326 211 373 242 In
400 212 431 243 2.
458 209 679 249 VesperiS.

400 285 598 321 Antiphonae.

194 347 224 379 1.
250 344 401 378 Tartarei
425 343 483 375 teli

299 392 351 432 qui
383 391 517 423 vulnera
542 397 639 422 saeva
663 390 812 427 mederis,

250 439 324 473 Huc
347 439 425 471 ades
452 441 484 470 et
507 436 613 479 plebis

302 487 439 529 suscipe,
468 486 593 527 cosma,
619 493 742 525 preces.

195 558 228 590 2.
254 556 279 589 O
304 562 377 595 spes
402 553 618 593 languentum,

302 601 419 635 Cosma
432 603 463 632 et
475 600 643 642 Damiane,
663 600 813 643 virorum,

249 650 373 683 Mittite
400 650 440 681 de
465 657 601 687 sursum,

303 706 397 738 quam
422 697 608 738 rogitamus,
633 704 735 737 opem.

200 768 230 799 3.
260 764 332 799 Cito
358 766 472 806 potens
498 763 624 795 medica

305 812 346 843 de
369 810 525 844 fratribus
551 820 631 842 unus
658 813 691 842 et
716 811 798 843 alter

253 860 393 894 Sordida
417 864 602 900 sperantum

301 910 429 948 tergere
452 907 596 939 membra
620 909 738 946 potest.

196 978 228 1010 4.
255 975 405 1008 Praemia
429 978 493 1007 tam
519 974 624 1014 dignis

302 1032 368 1055 non
383 1032 552 1064 possumus
577 1030 679 1061 aequa
698 1021 823 1054 referre

258 1070 451 1111 Hospitibus
478 1069 568 1110 caeli,

310 1127 400 1158 spem
426 1118 540 1158 quibus
565 1117 652 1149 orbis
676 1117 784 1151 habet.

265 1185 349 1213 Brev.
375 1193 429 1211 ms.
458 1184 487 1212 S.
516 1183 662 1212 Adeodati
687 1192 763 1211 saec.
792 1182 836 1212 16.

889 207 920 239 5.
945 205 1126 239 Innumeris
1151 204 1269 236 iustum
1295 206 1344 235 est

991 253 1133 285 medicos
1158 252 1223 283 iam
1240 249 1371 283 flectere
1388 248 1505 281 fratres

945 300 1120 337 Laudibus,
1148 307 1188 330 ex
1213 307 1346 338 quorum

992 354 1124 379 munere
1146 346 1242 377 turba
1265 346 1361 380 valet.

1064 411 1110 440 Ad
1128 410 1308 447 Magnificat.

872 461 913 492 A.
941 461 1090 500 Impositi
1114 459 1202 491 caelo

992 507 1110 540 fratres
1134 507 1200 538 iam
1225 509 1328 538 morte
1356 507 1473 546 decori,

944 556 1007 588 Pro
1032 558 1139 587 terrae
1163 554 1294 594 populis

992 602 1203 635 adcumuletis
1232 610 1319 642 opes,

949 650 1012 682 Per
1037 659 1114 691 quas
1139 649 1323 681 morborum

993 699 1087 740 longe
1112 700 1266 729 vanescat
1290 700 1321 729 et
1347 697 1432 730 absit

946 747 1091 786 Impetus
1116 747 1148 776 et
1172 746 1288 777 mentis

995 794 1127 826 turbida
1150 802 1235 825 noxa
1260 796 1341 825 ruat.

1004 870 1051 902 In
1077 870 1383 909 Completorio.

1046 927 1095 953 Ad
1114 926 1200 954 Nunc
1220 926 1353 953 dimittis.

879 976 920 1008 A.
950 976 1114 1007 Humanas
1139 975 1253 1007 audire
1277 983 1389 1014 preces

1002 1022 1170 1055 clementia
1191 1028 1302 1054 vestra

951 1072 1042 1102 Artis
1068 1070 1201 1111 opisque
1225 1070 1320 1101 simul

998 1119 1061 1150 iam
1086 1118 1231 1150 relevare
1256 1117 1343 1149 velit.

878 1183 950 1211 Clm.
976 1185 1130 1211 Monacen.
1158 1181 1193 1210 10
1205 1181 1271 1210 909.
1295 1198 1304 1201 -
1328 1197 1330 1201 ν
1351 1183 1418 1210 Den
1447 1191 1514 1209 aum

193 1223 329 1252 Officium
351 1222 513 1258 gehflrigen
532 1222 670 1256 Hymnus
692 1222 774 1250 siehe
792 1223 883 1250 Mone
902 1222 957 1257 111,
979 1221 1044 1250 259.

657 1305 704 1336 82.
737 1306 780 1337 De
800 1305 908 1337 sancto
931 1304 1058 1344 Gyrillo.

334 1367 380 1399 In
410 1368 435 1400 1,
465 1366 685 1408 Vesperis,

385 1442 430 1470 Ad
449 1441 631 1479 Magnificat.

188 1512 227 1542 A.
263 1510 445 1543 Gloriosum
469 1510 588 1550 lumen,

261 1557 476 1601 Temporibus
504 1555 639 1590 defluxis
664 1557 816 1597 velatum,

312 1605 408 1637 Nunc
434 1606 520 1637 clare
544 1605 696 1647 rutilasti,

268 1653 346 1687 Cum
372 1663 491 1686 annoso
517 1653 631 1686 stillati

265 1702 418 1736 Vaticinii
442 1702 644 1734 inchoantem

311 1750 441 1789 Adepto
468 1748 532 1782 fine
556 1749 736 1788 desiccasti,

263 1798 380 1831 Sancte
405 1800 498 1838 pater
524 1797 662 1838 cyrille,
697 1796 822 1829 Carme-

594 1845 663 1885 lita,

261 1894 437 1927 Festivitas
462 1896 518 1926 tua
541 1894 575 1926 in
600 1893 662 1925 hac
687 1893 764 1935 vita,

312 1942 376 1974 Per
401 1951 493 1983 quam
521 1941 735 1984 prophetasti,

264 1991 389 2023 Dcvote
413 2000 471 2023 nos
495 1992 625 2030 promat
647 1990 703 2033 ita,

262 2038 308 2072 Ut
332 2047 421 2070 mens
446 2041 559 2071 nostra
575 2037 695 2069 virtute
711 2038 824 2079 polita,

314 2087 413 2119 Velut
436 2089 472 2118 tu
497 2085 643 2119 radiasti.

334 2221 397 2253 Ad
423 2220 692 2254 Matutinum.

402 2297 622 2326 Invitatorium.

261 2368 366 2401 Laeta
389 2375 478 2408 voce,
504 2367 602 2399 corde
627 2368 694 2397 toto

314 2414 497 2448 Laudemus
522 2414 696 2447 Dominum

952 1366 998 1398 Et
1021 1375 1081 1406 pro
1109 1364 1229 1405 Gyrillo
1255 1366 1316 1397 hoc
1341 1366 1455 1397 devoto

1003 1414 1187 1447 Gloriemur
1210 1414 1244 1445 in
1268 1413 1417 1445 Domino.

1019 1510 1067 1542 In
1093 1508 1125 1542 1.
1153 1508 1385 1540 Nocturno.

1104 1573 1302 1609 Antiphonac.

898 1623 930 1655 1.
958 1622 1079 1655 Beatus

1005 1671 1068 1703 iste
1093 1670 1143 1703 vir
1170 1669 1319 1711 Cyrillus‚

957 1719 1097 1752 Consilio

1003 1768 1223 1807 praelatorum
1252 1767 1466 1807 consignatus,

955 1815 1095 1847 Humilis

1005 1862 1148 1904 quamtis
1174 1865 1206 1894 et
1229 1863 1386 1903 tantillus,

955 1911 1097 1952 Virginis

1004 1959 1068 1992 Dei
1091 1958 1154 1991 fuit
1178 1959 1362 1991 advocatus.

899 2019 931 2050 2.
957 2016 1113 2049 Doctores
1140 2016 1269 2056 quidam
1295 2014 1495 2048 fremuerunt

1005 2065 1121 2097 1nania
1145 2064 1349 2105 meditantes,

957 2112 1008 2145 De
1027 2112 1090 2145 'Dei
1116 2112 1278 2152 genetrice
1301 2111 1506 2145 contulerunt

1008 2160 1145 2193 Puritati
1171 2168 1248 2191 suae
1274 2159 1474 2201 derogantes

901 2220 933 2252 3.
961 2217 1096 2250 Sanctus
1121 2220 1216 2259 pater
1243 2217 1418 2250 carmelita

1006 2266 1129 2298 Multos
1155 2265 1257 2297 sensit
1281 2266 1500 2306 adversantes,

962 2314 1046 2354 Quos
1074 2312 1220 2346 confudit
1241 2313 1298 2354 ita,

1010 2362 1057 2395 Ut
1093 2362 1196 2396 Deum
1243 2364 1370 2395 exstent
1406 2362 1524 2394 collau-

1294 2411 1417 2445 dantes,
