1653 2567
676 87 938 124 -1831-e-

285 186 347 219 Ad
371 187 639 220 Matutinum.

351 272 568 301 Invitatorium.

219 340 428 374 Concinentes
454 341 624 375 adoremus

269 388 493 422 Confessorum
520 390 701 432 Dominum,

222 436 265 469 Et
294 439 478 469 constanter
501 437 684 469 invocemus

270 485 440 525 Brinolphi
466 484 660 526 suffragium.

287 619 333 651 In
362 619 392 653 1.
418 619 649 654 Nocturno.

367 705 563 740 Antiphonae.

190 797 197 804 .
225 772 342 814 Legem
369 773 430 805 Dei
457 774 507 806 vir
532 773 643 805 beatus

273 820 462 854 Meditando
487 821 604 861 iugiter

223 867 321 900 Secus
347 868 485 900 rivulum
510 869 676 908 plantatus

272 915 429 949 Fructum
456 915 534 948 fecit
560 916 707 949 dulciter.

189 999 197 1006 .
224 973 262 1006 In
290 973 442 1006 virtutum
468 977 608 1005 montem
626 974 784 1006 scandens

273 1021 369 1052 Velut
393 1021 472 1053 tuba
496 1021 611 1062 sonuit,

226 1068 345 1109 Legem
369 1068 431 1101 Dei
458 1068 547 1108 plebi
571 1069 717 1108 pandens

276 1116 406 1157 Iniquos
433 1117 637 1156 compescuit.

195 1201 202 1208 .
231 1173 336 1205 Verbo
361 1173 448 1205 vitae
472 1182 598 1214 gregem
625 1174 715 1214 pavit

278 1221 469 1253 Praesidens
495 1220 678 1261 salubriter,

230 1268 340 1309 Lupos
365 1271 455 1301 arcet
478 1272 640 1309 tamquam
665 1268 772 1301 David

277 1316 444 1349 Dimicans
469 1317 614 1349 viriliter.

368 1402 580 1438 Responsoria.

197 1485 204 1493 .
232 1459 384 1492 Geminae
408 1460 502 1493 iubar
526 1461 688 1500 pretiosae

278 1507 353 1540 Vita
379 1507 456 1539 vicit
477 1508 646 1548 praesulis,

231 1554 291 1594 Qui
318 1555 483 1588 doctrinae
507 1556 656 1588 radiosae

280 1604 400 1636 Lucem
427 1604 518 1636 dedit
541 1604 688 1646 saeculis,

228 1651 319 1684 Viam
351 1652 439 1684 vitae
464 1650 648 1684 fructuosae

280 1700 512 1733 Demonstrans
540 1699 717 1740 discipulis

192 1774 198 1781 .
228 1746 337 1788 Super
368 1750 511 1780 montem
544 1747 703 1780 excelsum
739 1756 792 1779 as-

230 1796 327 1829 cende
343 1798 390 1835 ta,
409 1795 466 1836 qai
483 1795 685 1837 evangelizas
699 1795 791 1833 Sion,

232 1846 262 1876 et
287 1844 397 1876 clama
421 1843 457 1876 z'n
482 1844 686 1885 fortitudine.

200 1929 207 1936 .
235 1902 281 1936 Ut
306 1901 434 1935 Samuel
459 1911 518 1942 pro
543 1902 662 1942 populo

281 1951 399 1983 Preces
426 1949 512 1982 fudit
536 1951 578 1983 ad
602 1949 773 1982 Dominum

328 1998 471 2031 Devotas
496 1999 705 2037 incessanter,

231 2046 285 2079 Sic
310 2046 398 2088 gregi
424 2046 487 2079 sibi
514 2046 637 2079 credito

279 2094 384 2127 Deum
410 2093 490 2127 facit
514 2094 689 2137 propitium

327 2144 444 2175 Pastor
469 2152 564 2175 orans
588 2142 765 2182 instanter3

160 2191 197 2223 V.
227 2190 377 2224 Multum
403 2192 490 2224 enim
509 2190 596 2224 valet
611 2190 792 2231 deprecatio

229 2240 311 2273 iusti
335 2240 484 2274 assidua.

173 2300 204 2332 3.
229 2298 276 2331 Ut
299 2298 405 2331 Iosiae
429 2298 593 2340 memoria,

279 2346 365 2379 Dum
388 2346 422 2379 in
448 2347 629 2387 exemplum
645 2345 795 2384 trahitur,

330 2394 470 2437 Fragrat
493 2399 531 2428 ut
550 2403 644 2427 sucus
669 2392 794 2434 florum,

912 184 966 216 Sic
993 183 1086 216 huius
1111 180 1173 214 viri
1194 180 1297 222 gloria

959 230 1107 264 Suaviter
1132 228 1320 262 diffunditur

1006 279 1052 313 Ut
1076 277 1155 310 odor
1175 277 1419 318 pigmentorum.

841 327 878 360 V.
908 327 1021 360 Iustus
1046 324 1242 367 yerminabit
1266 324 1350 356 sicat
1364 322 1470 354 lilium

855 680 886 712 1.

854 2092 889 2123 V.

867 2248 898 2280 3.

912 378 940 408 eb
972 374 1095 414 florebit
1127 373 1166 404 in
1200 374 1370 404 aeternam
1395 372 1471 401 ante

911 422 1106 456 Domimhm.

974 547 1021 579 In
1049 547 1082 578 2.
1108 544 1338 576 Nooturno.

1058 620 1256 656 Antiphonae.

912 680 1119 712 Invocantem
1151 678 1314 710 exaudivit

961 726 1049 759 Deus
1074 735 1165 759 suum
1189 725 1354 766 famulum,

914 774 1070 815 Linguam
1097 774 1162 806 eius
1190 772 1329 805 erudivit

961 823 1014 855 Ad
1040 822 1218 854 docendum
1242 820 1407 861 populum.

917 879 1046 912 cinctus
1067 888 1148 911 zona
1174 877 1329 910 castitatis

962 927 1113 960 Sanctam
1137 927 1236 958 vitam
1260 925 1438 966 praedicat,

914 974 1181 1015 Transgressores
1209 973 1385 1005 honestatis

962 1022 1050 1054 Iusta
1074 1030 1179 1061 poena
1203 1021 1355 1053 vindicat.

882 1104 890 1111 .
917 1079 1011 1119 Aqua
1036 1077 1098 1110 sibi
1123 1081 1173 1109 ter
1198 1078 1306 1110 oblata

962 1126 1027 1158 Ter
1051 1126 1085 1157 in
1109 1126 1216 1157 vinum
1241 1125 1388 1164 vertitur,

916 1174 968 1206 Sic
999 1176 1049 1205 est
1073 1182 1143 1206 eum
1171 1173 1334 1205 consolata

964 1220 1071 1253 Mater
1090 1220 1219 1263 Christi,
1249 1220 1322 1252 dum
1350 1220 1474 1253 colitur.

1065 1306 1274 1342 Responsoria.

888 1392 894 1399 .
921 1364 1005 1396 Dum
1032 1363 1189 1396 stomachi
1217 1363 1390 1407 doloribus,

919 1412 1031 1444 Lentis
1058 1411 1196 1451 quidem,
1224 1411 1280 1443 sed
1305 1411 1442 1451 iugibus,

968 1459 1025 1491 Vir
1051 1459 1151 1491 iustus
1177 1459 1348 1499 cruciatur,

920 1506 959 1538 In
985 1508 1085 1539 multa
1108 1507 1265 1547 patientia

922 1555 1058 1586 Virtutis
1085 1554 1237 1586 exercitia

968 1602 1133 1635 Portaudo
1158 1601 1347 1643 gratulatur.

919 1650 1073 1682 Libenter
1110 1649 1276 1690 §loriabor
1315 1648 1353 1680 in
1384 1648 1479 1689 infir-

920 1698 1088 1730 mitatibus
1122 1698 1218 1737 meis,
1257 1698 1294 1729 ut
1325 1696 1482 1728 iwhabstet

921 1746 959 1777 in
982 1755 1034 1778 me
1057 1746 1160 1778 virtus
1189 1744 1320 1778 Christi.

922 1803 1006 1835 Dum
1031 1810 1089 1835 rex
1112 1803 1218 1842 ipsum
1243 1803 1458 1843 persequitur,

970 1852 1093 1892 Fugam
1120 1852 1207 1891 capit
1230 1852 1279 1883 vir
1304 1850 1375 1890 Dei,

923 1900 1116 1933 constanter
1138 1900 1212 1939 post
1237 1898 1420 1938 revertitur,

972 1948 1121 1981 Occurrit
1144 1950 1290 1987 stagnum
1313 1946 1351 1987 ei,

922 1996 1097 2028 Ventorum
1123 1995 1155 2026 vi
1180 1995 1359 2035 repellitur,

974 2044 1097 2076 Clamat
1122 2043 1164 2075 ad
1190 2041 1311 2074 fontem
1336 2041 1416 2081 spei.

925 2091 1008 2125 Cum
1027 2091 1224 2131 invocarem,
1252 2089 1418 2122 exaudivit
1433 2098 1485 2121 me

924 2139 1014 2173 Deus
1038 2138 1187 2172 iustitiae
1201 2147 1302 2177 meae,
1327 2136 1367 2169 in
1382 2137 1483 2171 triba-

924 2188 1046 2221 latione
1071 2186 1219 2219 dilatasti
1241 2186 1334 2218 mihi.

926 2245 1007 2286 Spes
1033 2247 1164 2278 sanctae
1189 2241 1400 2285 fortitudinis,

975 2293 1121 2328 Christus
1146 2292 1174 2324 ei
1200 2292 1359 2333 placatur,

927 2342 1050 2374 Ventus
1076 2341 1215 2373 cessavit
1237 2340 1376 2374 turbinis

976 2390 1020 2423 Et
1045 2399 1123 2422 aura
1146 2391 1239 2430 grata
1265 2389 1370 2430 datur,
