1655 2568
747 141 793 146 --
843 120 912 157 277
960 141 1006 146 -

285 213 429 254 Virginis
456 216 611 248 ecclesiae

336 262 429 301 pueri
450 266 633 296 mactantur
657 265 786 305 ubique.

227 319 259 350 2.
287 318 352 350 Hic
376 319 529 360 princeps
555 322 668 354 mortis

335 366 375 398 ab
402 367 538 401 Erasmo
566 369 763 402 condicionis

285 413 468 454 Exquirens
493 416 621 448 titulum

336 462 413 495 dare
437 465 511 495 tura
537 464 598 496 diis
622 465 712 497 iubet
738 465 839 498 illum.

226 520 258 552 3.
285 518 428 552 Adfatur
453 529 560 562 regem
571 533 578 554 ε

335 567 457 600 Christi
482 577 546 600 non
571 569 696 611 abnego
722 571 824 611 legem

287 615 376 647 Tura
400 624 470 656 nec,
498 619 535 648 ut
559 615 649 661 faris,

335 663 419 695 dabo
435 664 507 706 diiS‚
523 665 637 704 quibus
648 666 847 699 assimilaris,

425 739 636 775 Responsoria.

235 787 266 821 1.
293 787 477 819 Laudemus
502 788 674 821 Dominum

286 835 325 868 In
351 835 482 875 gloriosi
508 836 660 876 martyris

283 882 413 915 Erasmi
438 883 598 925 passione,

283 930 343 970 Qui
368 940 428 971 pro
453 930 519 963 fide
546 931 703 963 catholica

283 979 442 1011 Immania

285 1026 427 1058 Pertulit
449 1027 619 1070 supplicia,

286 1073 383 1106 Unde
407 1073 511 1106 factus
535 1077 584 1106 est
608 1074 678 1106 Deo
703 1074 809 1105 hostia

283 1121 366 1153 Viva
390 1122 423 1154 in
450 1121 644 1154 sacrificium

284 1169 406 1201 Laudis
433 1172 629 1209 perpetuae3

216 1217 254 1248 V.
286 1216 423 1248 Amavit
441 1215 603 1250 Christum
631 1217 670 1249 in
686 1217 755 1248 viia
771 1226 844 1257 sua,

289 1266 440 1297 imitatus
467 1268 511 1297 est
537 1274 610 1296 eum
634 1265 672 1296 in
696 1267 807 1297 morte.

229 1323 260 1355 2.
287 1322 418 1363 Plangit
440 1322 633 1354 Anastasius

339 1370 477 1402 dilectae
502 1368 615 1401 funera
641 1370 753 1413 prolis,

281 1417 381 1456 Quam
407 1418 491 1458 gerit
515 1418 556 1449 ad
582 1417 734 1457 tumbam,

331 1466 388 1497 sed
407 1465 560 1497 Erasmus
586 1465 721 1496 suscitat
743 1465 843 1505 illam,

213 1513 249 1547 V.
278 1513 398 1546 Dicens
423 1511 558 1545 festine:

331 1570 390 1601 pro
418 1561 538 1593 Christi
561 1561 689 1592 nomine
713 1569 816 1601 surge.

226 1620 257 1652 3.
286 1618 446 1650 Suscitato
472 1622 596 1650 mortuo

283 1667 400 1707 Ingens
426 1665 462 1698 fit
488 1666 671 1706 exsultatio,

284 1714 475 1755 Baptizatur
501 1715 650 1746 continuo

284 1763 476 1795 Anastasius
503 1771 574 1793 cum
598 1762 728 1804 populo,

213 1811 246 1842 V.
286 1811 415 1843 Praesul
445 1819 513 1842 cum
540 1811 656 1851 gaudio

287 1858 404 1891 Grates
430 1859 498 1899 agit
524 1858 671 1893 Domino,

342 1956 389 1988 In
417 1957 448 1989 2.
477 1955 711 1988 Nocturno.

422 2022 619 2058 Antiphouae.

219 2073 249 2105 1.
283 2072 407 2104 Auditis
432 2071 537 2104 sancti

330 2120 493 2162 responsis
520 2120 640 2153 Caesar
663 2120 793 2152 Erasmi

284 2166 465 2200 Plumbatis
493 2168 584 2200 caedi

328 2217 419 2248 iubet
443 2217 529 2249 hunc
554 2219 586 2248 et
612 2216 794 2249 dilacerari.

225 2278 257 2309 2.
285 2275 413 2308 Christo
441 2275 573 2307 devotas

329 2323 416 2356 canit
439 2324 525 2355 inter
549 2322 687 2355 verbera
711 2323 823 2354 laudes

278 2372 408 2412 Martyr
434 2374 467 2403 et
494 2370 628 2403 nefandi

328 2419 502 2452 contemnit
531 2420 620 2451 iussa
642 2419 780 2460 tyranni.

920 220 951 251 3.
976 218 1131 258 Undique
1154 215 1312 248 firmatum

1027 272 1217 307 cognoscens
1231 264 1350 297 Caesar
1364 263 1536 296 Erasmum

980 313 1106 345 Blando
1131 320 1277 343 sermone

1024 369 1114 400 spem
1138 359 1207 392 vult
1231 357 1360 391 auferre
1385 367 1532 393 coronae.

1116 435 1325 471 Responsoria.

922 494 952 528 1.
983 495 1123 527 Virtutes
1150 493 1254 526 sancti

1028 543 1102 574 dum
1126 541 1342 573 Maximianus
1366 540 1495 573 Erasmi

981 588 1151 630 Comperit,
1180 588 1331 628 exquirit,

1026 636 1103 669 fidei
1128 645 1210 676 quae
1233 638 1320 668 secta
1345 635 1407 667 sibi
1431 636 1483 676 sit,

906 685 945 717 V.
977 685 1106 725 Aspicit
1130 686 1217 715 astra
1242 687 1351 715 tacens

1027 734 1165 770 sanctus,
1178 731 1295 764 Caesar
1308 740 1433 772 quoque
1449 729 1536 763 fren—

1379 780 1468 811 dens.

922 829 954 861 2.
981 827 1100 860 Caesar
1126 827 1217 858 duxit
1244 827 1346 858 virum

1025 877 1169 908 sanctum
1195 875 1237 906 ad
1265 874 1316 905 dei
1341 874 1390 905 sui
1415 873 1534 912 fanum,

978 923 1094 955 Sancto
1122 923 1254 955 daemon
1281 922 1348 953 viso

1025 971 1090 1002 ruit
1113 969 1202 1000 illius
1227 969 1442 1009 simulacrum,

903 1018 943 1051 V.
974 1019 1090 1050 Vastat
1113 1016 1241 1057 plebem
1268 1018 1376 1056 draco,

1023 1066 1077 1105 qui
1101 1065 1225 1105 prodiit
1250 1073 1266 1095 e
1290 1064 1469 1096 simulacro.

917 1124 948 1155 3.
977 1122 1145 1154 Clauditur
1169 1121 1202 1152 in
1228 1121 1371 1152 tenebris

1022 1170 1080 1201 sub
1099 1169 1242 1209 pondere
1261 1169 1399 1200 carceris
1417 1169 1527 1207 almus?

974 1217 1037 1249 Sed
1064 1216 1153 1249 venit
1177 1215 1347 1248 almificum

1021 1265 1071 1297 vir
1095 1264 1269 1304 splendens
1293 1265 1418 1295 solvere
1442 1266 1531 1296 vinc-

1372 1315 1448 1355 tum,

899 1360 939 1393 V.
973 1360 1044 1392 Vox
1070 1359 1136 1392 ruit
1161 1367 1178 1390 e
1205 1359 1321 1391 caelis:

1018 1417 1078 1448 per
1102 1410 1134 1438 te
1160 1416 1226 1438 sum
1255 1406 1463 1447 glorificatus.

1028 1504 1074 1535 In
1102 1504 1133 1535 3.
1161 1502 1397 1535 Nocturno.

1125 1577 1322 1613 Antiphonae.

917 1639 947 1671 1.
975 1639 1094 1672 Caesar
1120 1644 1293 1668 conversos

1023 1685 1138 1726 perimi
1163 1684 1253 1715 iubet
1279 1693 1354 1715 enfe
1376 1683 1500 1725 fideles,

975 1734 1035 1773 Qui
1062 1734 1173 1766 dicunt
1197 1735 1326 1764 sancto:

1024 1780 1211 1814 commenda
1235 1789 1292 1812 nos
1318 1781 1372 1820 pie
1396 1781 1535 1814 Christo.

917 1843 947 1874 2.
974 1839 1103 1880 Martyr
1129 1841 1190 1870 ait:
1220 1838 1305 1870 vitae

1023 1891 1134 1928 portas
1159 1885 1299 1919 fidenter
1324 1886 1421 1925 adite,

975 1937 1029 1968 Ad
1055 1945 1111 1968 vos
1136 1943 1209 1966 nam
1236 1934 1362 1966 veniam

1023 1983 1159 2016 Domino
1172 1982 1252 2013 mihi
1265 1982 1363 2015 dante
1373 1991 1533 2016 coronam.

916 2045 948 2078 3.
976 2043 1062 2076 Ordo
1088 2040 1324 2081 triumphantes

1025 2089 1172 2123 caelestis
1198 2088 1333 2128 suscipit
1358 2097 1477 2126 omnes,

977 2137 1113 2171 Auctori
1140 2137 1249 2168 dulces

1024 2187 1134 2219 cantat
1157 2194 1217 2225 per
1242 2184 1351 2216 sidera
1375 2185 1500 2217 laudes¹

1116 2261 1324 2295 Responsoria.

918 2323 949 2356 1.
977 2321 1114 2354 Audivit
1140 2322 1265 2359 martyr
1287 2318 1350 2350 Dei

978 2369 1095 2403 Vocem
1120 2368 1153 2400 in
1180 2376 1302 2400 summo
1330 2368 1428 2399 caeli:

1023 2419 1170 2457 Erasme,
1199 2416 1282 2456 veni,
