1653 2567
694 122 953 158 —173—

236 214 415 247 Intendens
442 215 524 248 divis
550 218 664 257 opibus

237 260 347 295 Crevit
373 263 595 297 devotionibus

284 309 512 350 Docti-inisque
536 311 686 349 famosus

177 367 209 398 3.
233 365 329 398 Hunc
353 376 440 407 papa
462 369 686 412 praeelegerat

236 414 274 445 In
300 412 444 453 fratrem,
472 417 599 455 quando
625 422 776 457 praeerat

284 461 510 503 Minorumque
537 464 655 505 decori,

237 510 333 542 Hunc
357 510 474 551 spiritu
498 511 632 545 mirifico

237 557 376 597 Dignum
402 558 619 592 ecclesiastico

283 605 477 638 Providerat
500 607 624 641 honori.

177 662 209 694 4.
235 662 429 695 Franciscus
455 663 540 695 hunc
564 667 601 696 ut
624 664 725 697 filium

237 709 379 751 Gignens
404 719 464 752 per
490 713 689 752 evangelium

284 758 399 791 Traxit
425 759 465 790 de
489 760 600 792 mundi
625 765 707 802 rota,

235 805 322 837 Huic
346 807 392 838 nil
417 805 480 838 fuit
503 808 633 840 suavius

232 853 312 894 Iugo
339 854 469 893 Christi,
495 855 542 886 nil
565 855 678 898 levius,

284 902 384 934 Freto
410 905 517 934 mente
542 902 667 936 devota.

180 960 211 991 5.
238 958 302 990 Hic
327 960 416 991 carni
441 968 504 991 non
531 959 740 1004 obtemperat,

239 1006 299 1045 Qui
324 1015 450 1038 crucem
477 1016 567 1039 suam
591 1008 711 1040 tulerat

282 1054 320 1086 In
346 1055 432 1087 viam
457 1055 638 1096 salvatoris,

236 1102 399 1142 Quidquid
424 1102 557 1142 spiritus
581 1103 723 1143 suggerit

236 1149 319 1181 Boni
345 1149 462 1189 operis,
490 1151 610 1190 regerit

283 1198 321 1230 In
347 1197 482 1238 gloriam
507 1196 652 1231 factoris

356 1272 402 1300 Ad
420 1271 603 1309 Magnificat.

160 1330 201 1362 A.
235 1330 259 1363 O
288 1330 400 1363 doctor
426 1329 611 1373 seraphiae,

235 1378 260 1410 Ο
286 1378 434 1418 pontifex
458 1378 605 1419 mirifice,

280 1426 330 1458 Tu
354 1429 484 1459 nostrae
507 1426 641 1459 militiae

332 1475 449 1507 Pastor
474 1475 507 1504 et
531 1474 671 1513 claritas,

232 1521 360 1553 Divinis
387 1521 557 1553 ardoribus

232 1567 497 1601 Transformatus
525 1577 558 1600 es
580 1569 718 1611 actibus,

282 1616 402 1649 Christi
426 1616 513 1655 passi
539 1616 647 1655 specie

327 1664 423 1696 Vexit
449 1666 482 1694 te
508 1664 636 1704 caritaS,

231 1711 269 1743 1n
295 1715 328 1743 te
352 1711 451 1753 signis
477 1711 619 1751 radians,

230 1759 267 1791 In
293 1763 326 1791 te
350 1759 499 1792 miranda
521 1760 679 1799 amplians

278 1808 450 1848 Requievit
474 1807 616 1848 spiritus,

324 1856 363 1888 In
387 1859 421 1888 te
447 1855 634 1887 devotorum

228 1903 305 1935 Tuis
336 1907 406 1936 asta
430 1904 578 1945 posteris,

232 1951 339 1992 Pater,
362 1952 501 1994 provide
525 1952 660 1996 miseris,

277 2000 359 2032 Nam
384 2000 567 2032 increscunt
592 2001 729 2041 gemitus

320 2048 495 2082 Servorum
520 2051 660 2082 tuorum.

293 2147 319 2177 A
333 2145 353 2176 d
378 2145 466 2177 Mat
478 2144 652 2178 utinum.

361 2211 581 2239 Invita-torium.

219 2271 313 2312 Regi,
341 2279 434 2311 quem
462 2270 556 2302 docet
579 2271 751 2314 scriptura,

270 2319 400 2353 Christo
426 2319 539 2351 laudes
564 2320 754 2364 reddantur,

221 2368 318 2401 Cuius
342 2368 377 2400 in
403 2368 632 2402 Bonaventura

266 2416 430 2450 Imitanda
456 2416 726 2451 demonstrantur,

982 222 1029 254 In
1057 222 1088 256 1.
1115 219 1350 254 Nocturno.

1070 305 1267 339 Antiphonae.

866 372 896 406 1.
922 372 985 406 Hic
1009 374 1059 406 vir
1084 374 1119 406 in
1144 373 1334 406 veritatibus

971 421 1152 454 Instructus
1177 421 1341 460 sapienter

923 468 1113 509 Divinisque
1140 469 1341 509 dogmatibus

971 516 1116 549 Imbutus
1143 519 1192 548 est
1216 516 1401 556 prudenter.

866 593 897 624 2.
920 592 1053 625 Excelsi
1080 593 1165 633 regis
1189 595 1315 625 amator

970 640 1112 672 Mirifice
1137 639 1276 684 effectus,

924 687 1062 719 Divinae
1087 688 1166 728 legis
1191 688 1313 719 ⁴zelator

971 735 1075 768 Corde
1097 744 1225 776 semper
1250 738 1385 769 erectuS.

867 813 899 844 3.
924 811 1098 844 Instruitur
1122 813 1234 843 sancta
1255 811 1404 844 iuventus

973 859 1136 899 Imprimis
1160 867 1220 898 per
1246 859 1403 899 doctores,

929 906 1038 947 Captis
1062 907 1166 938 literis
1192 909 1332 938 attentus

975 954 1100 995 Satagit
1123 954 1222 985 bonos
1247 962 1362 988 moreS.

1063 1049 1272 1083 Responsoria.

866 1114 897 1148 1.
924 1115 1091 1148 Francisci
1115 1116 1169 1147 hic
1195 1116 1372 1155 discipulus

974 1163 1072 1203 Optat
1095 1172 1171 1195 mox
1195 1164 1356 1204 meditari,

925 1210 963 1242 In
990 1211 1152 1243 Christum
1173 1220 1302 1250 passum
1327 1212 1456 1244 sedulus

973 1258 1104 1290 Secedit
1127 1258 1299 1298 sublevari,

924 1306 1100 1338 Doctrinae
1125 1306 1217 1338 Pauli
1243 1306 1385 1338 aemulus

974 1354 1051 1385 Vult,
1074 1353 1151 1385 inde
1176 1354 1318 1394 gloriari,

852 1400 890 1433 V.
922 1401 1103 1441 Inspiratus
1128 1401 1283 1442 puerulus

923 1448 970 1481 Ut
995 1449 1127 1481 devotus
1148 1447 1324 1480 infantulus

973 1496 1106 1528 Crucem
1132 1497 1201 1528 vult
1227 1498 1446 1538 contemplari.

866 1573 898 1604 2.
925 1572 1067 1604 Tenetur
1091 1581 1205 1612 magno
1229 1572 1395 1614 languore,

971 1619 1092 1652 Factus
1117 1628 1197 1659 puer
1224 1620 1277 1652 vix
1302 1629 1337 1652 se
1361 1625 1471 1663 movit,

927 1667 991 1700 Sed
1016 1670 1120 1699 mater
1147 1668 1253 1700 cordis
1279 1669 1397 1701 ardore

972 1716 1148 1748 Francisco
1175 1724 1245 1747 eum
1270 1717 1372 1759 vovit,

923 1763 983 1802 Qui
1007 1764 1098 1804 gravi
1124 1763 1208 1796 liber
1232 1772 1378 1796 maerore

972 1810 1133 1851 Sospitem
1158 1820 1194 1843 se
1218 1812 1358 1853 agnovit,

848 1858 887 1892 V.
925 1858 1001 1891 Cum
1027 1859 1174 1891 miraculi
1200 1869 1327 1892 rumore

923 1906 1098 1947 Stigmatus
1123 1912 1177 1946 pio
1204 1916 1311 1939 amore

971 1956 1219 1987 Praenocentem
1245 1957 1391 1990 removit.

861 2032 893 2065 3.
921 2032 1006 2064 Dum
1032 2030 1135 2064 frater
1160 2032 1263 2064 minor
1287 2033 1427 2076 ponitur,

969 2079 1084 2112 Votum
1111 2080 1182 2111 vult
1206 2080 1385 2120 adimplere

919 2127 1096 2160 Laetanter
1122 2131 1199 2159 tunc
1224 2128 1389 2169 recipitur,

968 2175 1027 2214 Qui
1052 2176 1217 2216 promittit
1240 2179 1361 2217 tenere,

919 2223 1006 2262 Quae
1031 2227 1106 2255 sunt
1130 2224 1269 2263 regulae,
1297 2225 1440 2257 cernitur

965 2271 1004 2303 In
1028 2271 1153 2311 integro
1180 2272 1351 2312 complere.

845 2319 883 2351 V.
916 2319 1012 2351 Casto
1039 2319 1138 2352 corde
1162 2319 1326 2363 imbuitur,

917 2367 1098 2400 Oboediens
1123 2367 1174 2398 vir
1198 2367 1312 2401 nititur

962 2415 1009 2448 Ut
1033 2424 1158 2459 pauper
1183 2424 1217 2448 se
1242 2416 1371 2455 habere,
