1653 2567
666 147 932 183 —145—

299 241 346 272 In
371 240 609 275 Laudibus.

358 333 553 372 Antiphonae.

151 401 182 434 1.
207 400 346 434 Domum
370 404 467 443 tuam,
494 404 642 446 Domine,

256 449 391 482 Praesul
415 451 489 483 talis
517 452 663 493 decebat,

209 496 269 535 Qui
293 497 327 530 in
352 500 408 530 tuo
434 500 563 532 nomine

254 544 371 577 Fidem
397 549 518 578 rectam
544 549 691 588 augebat.

149 613 180 645 2.
210 611 324 644 Portas
351 612 418 645 eius
443 613 590 647 introivit

255 660 294 692 In
324 660 535 705 confessione,

207 707 338 740 Caelum
364 713 561 750 quapropter
586 711 689 743 adivit

256 756 295 787 In
322 757 545 791 exsultatione.

147 824 178 857 3.
207 822 318 855 Labiis
342 823 486 855 laetitiae

253 870 359 903 Deum
382 872 547 917 exaltavit,

203 918 363 952 Mundum
386 921 568 953 maestitiae

251 966 457 1000 Praesentem
484 968 687 1008 adaequavit.

146 1036 177 1067 4.
205 1034 279 1073 Ore,
307 1034 404 1067 corde
430 1035 561 1076 praesul
586 1036 690 1068 Deum

251 1082 365 1114 Almus
389 1083 568 1124 benedixit,

199 1128 360 1162 Mundum
408 1139 564 1171 spernens
573 1156 582 1175 ‚

534 1187 675 1220 saevum⁷

252 1226 374 1266 Quibus
398 1226 576 1261 maledixit.

146 1295 177 1327 5.
205 1294 398 1326 Sanctorum
421 1295 456 1326 in
481 1295 626 1327 ecclesiis

250 1342 320 1374 Deo
347 1342 459 1374 laudes
485 1351 584 1375 novas
611 1342 756 1385 canebat,

641 1132 764 1165 hostem

823 1106 864 1139 A.

903 245 988 278 Dum
1013 247 1172 287 egentium
1194 246 1312 280 inediis

950 292 1089 326 Basilius
1121 297 1156 326 ut
1180 297 1274 334 pater
1299 303 1463 327 succurre-

1230 342 1295 376 bat.

1019 407 1065 436 Ad
1083 408 1270 436 Benedictus.

902 456 986 488 Suae
1009 456 1114 497 plebis
1138 457 1293 489 Dominus

948 504 1212 544 Redemptionem
1235 504 1289 545 pie
1307 505 1458 546 visitavit,

900 551 984 584 Dum
1010 553 1053 584 ad
1078 553 1252 593 regendum
1280 552 1453 585 comminus

947 599 1031 632 Eum
1055 601 1237 640 praesulem
1262 601 1442 641 adoptavit,

902 647 961 686 Qui
987 648 1152 680 sedentem
1178 648 1212 680 in
1237 648 1379 681 tenebris

950 694 1125 728 Doctrinae
1171 699 1268 735 pastu
1308 696 1463 736 populum

1230 742 1355 785 refecit,

899 790 949 823 Sit
975 791 1042 822 dies
1069 790 1135 822 eius
1162 790 1309 831 celebris,

950 837 1009 877 Qui
1037 841 1101 871 tam
1120 839 1203 870 mira
1218 839 1368 871 miranda
1384 847 1456 878 per-

1232 885 1320 920 fecit.

959 981 1007 1012 In
1032 983 1065 1014 2.
1092 981 1312 1021 Vesperis.

1014 1046 1060 1074 Ad
1079 1045 1260 1083 Mag-nificat.

895 1105 919 1138 O
946 1104 1143 1137 laudabilem
1167 1113 1227 1144 per
1253 1106 1367 1138 omnia

894 1152 1047 1184 Basiliam
1074 1161 1133 1191 per
1158 1154 1296 1195 saecula,

898 1200 945 1233 Ob
973 1200 1060 1232 cuius
1083 1201 1252 1239 praecelsa
1271 1201 1387 1234 merita

896 1247 1017 1280 Nostra
1041 1247 1171 1288 pientur
1196 1246 1316 1280 famina

896 1295 1123 1335 Ducamurque
1146 1295 1190 1327 ad
1212 1296 1331 1336 gaudia

895 1343 1083 1375 Sanctorum
1108 1344 1272 1383 perennia.

204 1410 291 1437 BreV.
311 1408 465 1436 Misnense
485 1409 555 1444 imp.
576 1408 700 1444 Lipsiae
718 1407 754 1443 (ἲ)
774 1406 858 1436 1517.
879 1408 913 1436 A.
940 1423 977 1428 ——
996 1408 1102 1436 Dium.
1122 1409 1274 1437 Misnense
1295 1410 1365 1446 imp.
1386 1409 1458 1446 Lip-

127 1448 190 1475 siae
213 1445 295 1476 1511.
317 1448 351 1474 Β.
373 1461 409 1466 -—
430 1447 471 1474 In
491 1444 517 1473 2.
537 1446 638 1474 Noct.
660 1444 686 1480 2,
710 1445 745 1474 12
764 1447 872 1484 Ioseph
892 1447 987 1475 factus
1007 1446 1041 1474 A.

575 1529 622 1561 52.
658 1530 697 1562 De
716 1531 826 1563 sancto
849 1529 1024 1562 Benedicto.

264 1593 310 1625 In
339 1591 370 1626 1.
397 1592 623 1632 Vesperis.

348 1647 550 1686 Antiphonae.

142 1699 174 1732 1.
203 1699 411 1733 Praeclarum
434 1699 501 1730 late

251 1747 321 1788 tibi,
355 1747 404 1779 vir
429 1746 500 1779 sine
524 1745 588 1780 fine
614 1747 716 1787 beate,

203 1795 328 1828 Nomen
353 1804 416 1827 non
441 1793 537 1827 fictae

248 1842 327 1876 fidei
350 1845 467 1887 manet7
495 1852 513 1875 o
539 1842 725 1876 Benedicte.

143 1903 176 1936 2.
204 1901 354 1934 Membra
379 1909 477 1942 specu
504 1900 638 1941 claudis,

251 1959 313 1990 quo
342 1948 447 1982 factus
474 1958 508 1981 es
534 1949 640 1981 hostia
661 1949 767 1980 laudis

201 1998 337 2031 Carnem
367 1997 514 2029 districte

251 2046 327 2078 dum
354 2044 473 2088 frenas,
503 2055 520 2078 o
546 2044 733 2078 Benedicte.

139 2107 170 2139 3.
199 2105 263 2137 Hic
288 2102 417 2144 probris
443 2105 533 2136 actus

248 2151 447 2192 tumidisque
468 2150 644 2192 peripsima
662 2147 767 2182 factus

199 2202 268 2235 Iam
294 2209 375 2241 noys
399 2200 541 2233 invictae

247 2249 388 2290 palmam
415 2248 510 2289 geris,
539 2257 556 2280 o
578 2246 766 2279 Benedicte.

139 2309 171 2341 4.
198 2309 308 2341 Instar
332 2310 366 2339 tu
394 2305 514 2339 Christi

248 2355 375 2394 patiens
405 2355 447 2387 ad
473 2356 589 2385 cuncta
614 2351 715 2393 fuisti,

199 2403 294 2437 Pacis
321 2406 354 2435 et
377 2403 521 2435 indictae

253 2451 358 2483 cultor
382 2450 465 2490 pius,
493 2459 511 2481 o
536 2449 724 2482 Benedicte.

184 2512 300 2538 Blume.
315 2509 440 2533 Historiae
454 2508 613 2537 rhythmicae.
646 2509 673 2533 V.

965 1591 1010 1623 In
1038 1594 1070 1627 2,
1096 1591 1318 1631 Vesperis.

1016 1688 1063 1715 Ad
1082 1686 1265 1724 Magnificat.

897 1756 1018 1798 Magna
1042 1765 1169 1796 semper
1195 1759 1228 1788 et
1251 1758 1421 1796 praeclara

945 1805 1050 1837 Deum
1075 1804 1190 1837 decent
1209 1806 1393 1847 praeconia,

899 1852 995 1885 Cuius
1020 1853 1094 1893 igne
1118 1861 1274 1894 spernens
1299 1854 1450 1887 mundum

945 1900 1065 1941 Fulges
1090 1901 1124 1932 in
1149 1901 1246 1933 turba
1272 1902 1432 1944 caelitum,

900 1949 924 1982 Ο
952 1947 1117 1981 confessor
1141 1950 1327 1988 Benedicta

947 1996 1029 2029 Vota
1053 2005 1218 2029 servorum
1243 1998 1379 2037 suscipe.

958 2140 1019 2172 Ad
1044 2139 1322 2175 Matutinum.

1030 2236 1250 2264 Invitatorium.

896 2303 943 2336 Ut
969 2302 1097 2335 Christo
1124 2303 1243 2336 celebri

945 2351 1115 2384 iubilemus
1140 2353 1246 2394 laude,
1273 2354 1390 2396 venite,

898 2399 958 2439 Qui
985 2400 1076 2433 dedit
1100 2403 1250 2434 aeternae

947 2449 1124 2483 Benedicto
1149 2451 1267 2491 gaudia
1292 2450 1387 2486 vitae.

1253 2507 1289 2537 10
