1653 2567
700 147 952 182 —197—

237 238 395 270 Gaudium
424 242 456 271 et
482 242 651 275 exsultatio

266 287 424 318 -irrorent
448 291 590 320 nostrum
618 291 758 324 chorum.

298 382 343 413 In
374 382 404 416 1.
431 382 663 416 Nocturno.

373 458 570 494 Antiphonae.

173 516 205 548 1.
230 515 347 548 Coetus
372 516 435 548 iste
460 517 688 549 monachorum

234 563 306 595 Non
323 564 413 595 stetit
424 565 457 596 in
474 565 605 598 consilio
614 565 795 606 impiorum,

237 610 302 643 Sed
327 612 409 643 nulli
435 612 552 645 cedens
579 613 701 645 turbini

235 659 356 690 Mansit
381 659 415 691 in
440 660 511 701 lege
536 660 676 696 Domini,

200 750 207 757 .
233 725 328 758 More
353 735 463 758 eanum
491 726 688 759 fremuerunt

279 773 413 806 Fratres
438 776 671 816 persequendo,

233 820 296 853 Sed
322 822 363 853 acl
390 823 494 854 caelos
519 823 740 861 perduxerunt

281 868 349 901 Hos
374 870 558 901 neseiendo.

200 963 206 969 .
233 936 293 968 Isti
317 934 377 967 filii
402 936 566 969 hominum

281 982 381 1016 Gravi
405 986 496 1016 erant
516 985 623 1025 corde,

235 1030 321 1062 Dum
347 1034 533 1071 praesentes
558 1035 717 1073 martyres

282 1078 418 1111 Privant
443 1080 528 1112 omni
554 1080 659 1114 sorde.

374 1154 582 1189 Responsoria.

196 1236 203 1243 .
231 1212 327 1243 Hirta
352 1213 450 1244 vestis
475 1220 537 1244 non
564 1215 613 1243 est
636 1212 737 1252 pestis

284 1257 321 1290 In
347 1268 423 1291 vere
447 1259 630 1299 humilibus,

235 1306 306 1339 Rex
333 1308 481 1339 caelestis
506 1316 604 1338 verax
630 1307 721 1339 testis

275 1354 467 1394 Exemplum
495 1355 551 1386 dat
575 1354 792 1396 martyribu53

190 1427 197 1435 .
231 1403 327 1435 Veste
352 1411 422 1434 eum
449 1402 575 1435 abiecta

276 1450 461 1490 penetrabis
489 1450 639 1482 caelestia
663 1452 757 1482 tecta.

198 1543 205 1550 .
233 1517 294 1549 isti
319 1517 399 1547 muti
424 1519 498 1548 sunt
522 1516 621 1548 locuti

283 1564 458 1597 Praesente
484 1566 606 1595 tantum
631 1563 768 1605 hospite,

237 1612 280 1643 Et
304 1612 352 1642 sic
377 1612 438 1643 tuti
464 1613 538 1644 sunt
562 1612 663 1643 secuti

283 1659 442 1692 Christum
470 1660 552 1691 iusto
578 1660 729 1698 tramite3

191 1733 197 1740 .
230 1708 275 1741 Hi
302 1707 342 1738 ‹le
367 1708 475 1739 multis
500 1710 669 1739 tacuerunt

229 1756 274 1788 Et
299 1764 334 1787 se
359 1756 474 1788 stultos
500 1755 760 1788 aestimaverunt.

196 1848 204 1855 .
232 1823 257 1856 Ο
284 1822 455 1855 laudabilis
482 1825 514 1854 et
539 1832 612 1854 rara

233 1871 317 1910 Vita,
345 1870 553 1912 acceptabilis
579 1874 674 1911 atque
701 1878 786 1910 cara,

280 1919 361 1951 Dum
381 1928 476 1951 carne
488 1919 617 1951 domant
626 1918 772 1959 spiritum
785 1919 790 1949 l

231 1968 372 2008 Fulgent
397 1977 471 2009 ergo
497 1965 563 1999 fide
589 1968 686 2008 clara,

227 2016 273 2049 Ut
296 2014 434 2048 fecunda
457 2015 534 2048 feeit
560 2015 640 2047 Sara

279 2063 473 2097 Generando
499 2063 670 2104 gaudium3

187 2139 193 2146 .
229 2112 334 2144 Vitam
361 2112 388 2143 si
415 2112 552 2155 quaeris⁷

277 2159 373 2192 fixam
400 2169 525 2192 sursum
550 2159 726 2193 mediteris.

285 2258 333 2290 In
359 2259 391 2290 2.
419 2256 662 2289 Nocturno.

371 2333 571 2370 Antiphonae.

191 2416 198 2422 .
227 2391 406 2424 Clamorem
431 2395 466 2425 tu
491 2393 647 2437 intellige,

224 2439 296 2472 Rex
320 2448 441 2480 regum,
467 2441 522 2482 pie
547 2442 693 2480 Domine,

870 567 902 598 3.

850 1974 889 2008 V.

924 244 970 276 Et
993 252 1103 276 vocem
1128 244 1291 285 orationis,

926 291 972 324 Ut
995 293 1162 331 iungamur
1187 291 1267 323 caeli
1292 291 1426 324 thronis.

893 383 899 388 .
928 358 953 390 O
980 360 1098 398 quanta
1122 358 1170 389 vis
1198 358 1377 391 dulcedinis

928 406 1002 438 Iure
1027 405 1074 437 tui
1099 406 1245 447 nominis,

924 454 983 493 Qui
1007 462 1067 493 per
1090 453 1254 486 universas
1279 456 1383 485 terras

927 500 1027 533 Sedas
1053 504 1182 533 cunetas
1207 502 1318 533 mortis
1336 509 1479 542 guerras.

929 567 965 599 In
993 570 1046 599 tuo
1070 567 1276 599 tabernaculo

928 614 1128 646 Habitabunt
1152 616 1265 647 sedulo

927 662 1063 694 Animae
1088 662 1254 704 iustorum,

923 708 1066 749 Ereptae
1092 709 1132 741 de
1157 711 1255 742 caede
1278 710 1460 749 impiorum.

1069 784 1276 820 Responsoria.

892 866 899 873 .
926 841 1050 882 Religio
1079 841 1263 875 Chrlstiana

927 889 1003 922 Cum
1031 890 1180 922 universa
1204 893 1297 931 gente
1323 900 1401 923 sana

927 937 1010 969 Istos
1035 936 1152 969 fratres
1180 939 1425 978 contempletur,

927 984 974 1016 Ut
1000 985 1178 1024 exemplum
1205 986 1326 1018 cunetis
1354 987 1456 1025 detur,

926 1031 988 1063 Per
1006 1032 1091 1072 quod
1109 1032 1254 1065 Christus
1273 1033 1482 1074 glorificetur.

924 1078 1081 1119 Exemplo
1106 1078 1242 1112 fratrum

973 1129 1078 1167 tergat
1095 1127 1182 1159 Deus
1204 1136 1327 1160 omnem
1347 1132 1480 1159 reatum.

889 1216 896 1224 .
924 1192 976 1224 Ad
1000 1193 1152 1224 honorem
1179 1196 1211 1225 et
1235 1193 1381 1226 decorem

970 1240 1144 1272 Ierusalem
1173 1242 1319 1273 caelestis

922 1287 1008 1319 Laus
1033 1297 1150 1320 sonora
1175 1293 1207 1321 et
1232 1290 1351 1321 decora

972 1335 1130 1367 incitetur
1154 1336 1300 1374 maestiS‚

922 1382 967 1414 Ut
992 1383 1039 1414 sie
1063 1383 1147 1423 grati
1172 1384 1315 1416 adiuvati

970 1430 1098 1463 Nostris
1124 1432 1232 1463 adsint
1258 1430 1367 1472 festis;

924 1477 1046 1510 Civitas
1072 1478 1247 1510 Ierusalem

973 1525 1064 1558 Tunc
1089 1525 1286 1566 aedificatur,

925 1573 1003 1605 Cum
1028 1574 1061 1605 in
1084 1574 1256 1606 virtutibus

971 1621 1035 1653 Hie
1059 1619 1195 1653 firmiter
1220 1624 1332 1655 statur.

891 1713 897 1719 .
923 1687 1043 1727 Magno
1071 1687 1159 1728 digni
1183 1693 1258 1721 sunt
1279 1688 1410 1730 honore,

925 1734 984 1773 Qui
1009 1738 1189 1767 sanctorum
1216 1737 1268 1777 pio
1294 1746 1383 1769 more

925 1783 1028 1815 Vitam
1054 1784 1165 1816 mundi
1192 1787 1459 1825 contempserunt,

924 1830 1029 1863 Stolas
1055 1841 1127 1863 suas
1152 1832 1186 1864 hi
1210 1833 1358 1865 laverunt

923 1879 962 1911 In
989 1888 1102 1912 cruore
1129 1881 1213 1921 regis
1239 1881 1356 1922 magni,

924 1927 970 1960 Ut
994 1927 1166 1969 iungantur
1192 1938 1289 1961 cenae
1315 1930 1398 1970 agni.

922 1974 1018 2018 Ecce,
1047 1976 1115 2009 veri
1142 1976 1318 2017 israelitae,

924 2023 1027 2055 Iuncti
1054 2022 1192 2064 Christo,
1220 2034 1315 2057 verae
1340 2025 1435 2065 vitae,

923 2070 988 2103 Ubi
1011 2072 1117 2103 locum
1144 2075 1253 2105 tenent
1279 2073 1351 2106 rite.

982 2167 1030 2199 In
1059 2167 1090 2200 3.
1118 2167 1352 2201 Nooturno.

1066 2241 1256 2279 Antiphonae
1262 2264 1268 2270 .

887 2324 895 2332 .
925 2300 1084 2333 Grumena
1108 2303 1218 2333 nostra

970 2357 1032 2380 non
1057 2348 1193 2390 indiges,
1219 2350 1366 2393 Domine,

921 2395 985 2428 Sed
1012 2405 1167 2429 conserva

968 2453 1028 2476 nos
1053 2449 1220 2485 sperantes
1246 2447 1278 2479 in
1304 2450 1338 2480 te
