1653 2567
716 132 975 166 -221—

188 223 219 256 2.
246 224 314 263 Quo
340 222 481 256 refectus
507 228 556 256 est
578 226 613 257 in
638 229 771 267 tantum,
1058 229 1105 256 Ad
1125 228 1311 255 Benedictus.

247 271 293 304 Ut
317 280 381 303 non
406 279 485 303 onus
508 272 570 306 sibi
595 276 751 317 sanctum,

294 317 359 350 Sed
381 319 527 350 levamen
553 321 700 352 aestimet
865 294 907 327 A.
939 294 1086 326 Pretiose
1111 298 1234 334 martyr
1258 294 1388 336 Christi,

938 342 997 381 Qui
1023 345 1055 373 te
1079 343 1185 382 ipsum
1211 342 1373 374 contulisti

185 404 216 436 3.
244 403 330 435 Hinc
354 406 559 436 occurrentes
984 390 1098 421 Vivam
1123 389 1192 421 Deo
1217 390 1364 429 hOStiam’

291 452 410 492 gemini
434 451 496 483 sibi
523 453 594 484 luce
619 457 764 486 carentes

242 498 344 531 Forte
367 499 430 532 viri
455 502 543 531 tactu

293 548 397 579 sancti
421 547 606 588 virtuteque
630 548 701 581 visu

247 594 399 635 Corporis
426 597 459 626 et
477 594 554 628 fidei

290 643 396 675 subito
422 645 497 674 sunt
522 643 702 678 exhilarati.

937 436 1004 468 Nos
1030 437 1155 476 peccati
1178 446 1317 478 purgans
1342 436 1432 469 faece

935 484 1004 515 Tua
1028 485 1119 516 nobis
1144 485 1239 525 placa
1262 494 1359 525 prece

982 532 1133 564 Divinam
1157 533 1367 566 clementiam.

984 580 1101 612 Petens
1127 580 1369 621 indulgentiam.

184 730 218 762 4.
246 728 341 761 Unde
364 729 435 761 Deo
461 732 569 769 grates
1007 713 1056 745 In
1082 715 1113 746 2·
1140 713 1358 752 Vesperis.

292 780 469 818 sanctoque
493 776 555 808 Dei
580 776 759 810 referentes

242 824 315 857 Uno
342 834 414 857 cum
441 824 527 856 dicto
1052 797 1146 834 Super
1165 797 1310 825 Psalmos.

293 876 423 913 geStanss
444 881 516 904 eum
540 872 695 907 Levia-110*
864 866 905 898 A.
936 864 1113 897 [laetentur
1139 865 1245 896 cuncti

987 913 1095 945 divino
1119 921 1252 944 munere
1276 911 1389 953 functi,

185 960 216 991 5.
243 960 274 991 A
301 959 405 992 tribus
430 958 481 990 his
506 959 606 999 igitur
939 960 1044 992 Ghoro
1069 961 1246 1000 psallentes

290 1007 479 1047 deportatus
505 1007 663 1047 sepelitur
985 1007 1166 1047 festumque
1192 1008 1277 1040 diem
1301 1008 1491 1049 recolenteS,

244 1055 352 1095 Ipsius
379 1054 567 1087 cathedram
937 1056 1004 1095 Quo
1029 1056 1148 1088 meruit
1172 1056 1253 1087 caeli

290 1103 341 1135 vir
358 1104 489 1135 sanctus
503 1102 591 1142 apud
605 1103 805 1135 Perusinam.
986 1103 1192 1137 Constantius
1217 1112 1292 1135 arce
1315 1103 1416 1136 beari.

247 1207 370 1243 Antiph.
399 1215 453 1234 ms.
474 1206 719 1243 Havelbergense
745 1215 814 1235 saec
844 1205 889 1234 14.
935 1207 1004 1235 Ood.
1025 1207 1192 1236 Borolinen.
1218 1208 1281 1236 Fol.
1310 1206 1375 1236 319.
1398 1209 1433 1235 A.
1461 1222 1500 1226 —-

171 1246 256 1273 Brev.
279 1246 524 1280 Havelbergense
544 1246 614 1281 imp.
635 1246 758 1281 Lipsiae
780 1243 863 1273 1518.
884 1246 918 1273 Β.
945 1262 983 1266 —
1013 1247 1056 1273 In
1076 1245 1100 1274 1.
1120 1246 1227 1282 Vesp.
1250 1247 1286 1274 ad
1306 1247 1406 1283 Mag-n.
1428 1244 1461 1279 Α,
1484 1244 1499 1272 1

170 1284 194 1312 O
217 1284 374 1312 Constanti
395 1285 456 1312 AB.
483 1299 521 1303 —
549 1284 591 1311 In
618 1282 642 1311 1.
670 1284 775 1312 Noct.
803 1281 822 1309 R
844 1282 871 1319 2,
894 1283 909 1312 1
929 1285 1055 1313 Praeses
1076 1293 1144 1320 orgo
1164 1284 1197 1311 B.
1224 1299 1253 1303 —
1288 1286 1330 1313 In
1350 1283 1376 1313 3.
1397 1285 1500 1313 Noct.

171 1320 191 1348 R
214 1320 240 1357 2,
263 1322 280 1350 7
300 1325 335 1350 ut
353 1323 436 1350 fehlt.
457 1322 492 1349 B.
517 1337 557 1341 —
579 1323 621 1350 In
641 1322 756 1350 Laud.
778 1320 800 1348 Α
822 1320 849 1357 5,
873 1321 887 1350 1
909 1332 953 1360 sq.
974 1324 1066 1359 igitur
1085 1323 1133 1350 his
1153 1322 1324 1359 deportat-us
1344 1324 1378 1351 B.
1400 1338 1436 1342 —
1457 1322 1501 1350 In

170 1359 198 1388 2.
218 1361 323 1396 Vesp.
346 1361 384 1388 ad
403 1360 505 1396 Magn.
527 1358 549 1386 Α
571 1361 725 1397 prosaisch
746 1360 808 1388 AB.

604 1541 650 1572 78.
681 1541 725 1572 De
746 1543 853 1572 sancto
876 1540 1073 1573 corbiniano.

319 1640 366 1672 In
394 1641 426 1673 1.
455 1639 563 1680 Vesp
575 1641 673 1673 eris.
868 1641 907 1676 R.
937 1641 962 1674 Ο
988 1651 1081 1674 sacer
1107 1641 1309 1686 corbiniane,

942 1689 1062 1722 Doctor
1086 1689 1191 1730 plebis
1218 1689 1429 1734 Christianae,

359 1745 456 1781 Super
475 1744 622 1773 Psalmos.
936 1736 1023 1770 Fide
1049 1737 1176 1779 fulgens
1201 1738 1318 1770 mentis
1343 1747 1442 1770 sanae

451 1823 458 1829 ,
498 1824 504 1829 ,
543 1824 549 1830 ,
987 1785 1144 1818 Mundum
1170 1786 1336 1826 subegisti,

168 1822 209 1856 A·
241 1823 349 1877 Ades}
366 1823 551 1878 ,ὃθξὶῗῙΕ-ΒῙῈῙΠ
938 1834 1005 1866 Nos
1031 1844 1050 1866 a
1076 1834 1168 1866 malis
1196 1834 1318 1866 cunctis
1343 1843 1424 1867 sana

242 1870 430 1905 Corblnlanl
449 1871 521 1926 *dl-01
936 1882 982 1915 Et
1005 1883 1130 1915 viarum
1156 1883 1255 1915 calles
1280 1883 1388 1923 plana,

239 1919 358 1952 Electa
382 1919 552 1974 fesnvl‘ssas.
936 1931 983 1964 Ut
1007 1931 1169 1964 calcantes
1195 1931 1306 1963 mundi
1332 1940 1417 1964 vana

243 1967 451 2022 Gratulantes
477 1968 574 2023 hosne
982 1979 1046 2011 Pro
1072 1988 1183 2011 amore
1209 1978 1339 2017 Christi,

239 2016 384 2049 IUbllessf‘
409 2016 560 2070 ⁶²}th01101
934 2027 1045 2067 Ipsum
1072 2031 1176 2059 tecum
1201 2035 1419 2067 assequamur,

240 2064 447 2098 Laetabundl
483 2112 490 2118 .
936 2075 980 2106 Et
1005 2078 1175 2116 sequentes
1195 2083 1387 2115 mereamur,

239 2112 367 2145 Memor
388 2115 493 2146 nostri
983 2123 1075 2163 Quod
1099 2123 1315 2165 promeruisti,

241 2161 316 2201 ΟΜ,
348 2164 454 2201 pater,
482 2209 488 2215 ¹
528 2209 535 2215 ¹
865 2171 903 2204 V.
929 2171 977 2202 Te
1003 2171 1139 2203 ducente
1167 2171 1248 2203 duce
1272 2170 1367 2211 bono,

240 2209 404 2248 Quatenus
429 2208 554 2241 rellctls
937 2220 1101 2260 praesule,
1128 2222 1232 2259 patre,
1259 2221 1407 2259 patrono,

239 2257 395 2290 Terrenis
420 2256 572 2291 sordibus

239 2305 400 2339 Uniamur
427 2304 555 2338 Christo
1055 2294 1103 2322 Ad
1122 2293 1305 2331 Magnificat.

239 2353 453 2395 Hymnologis
478 2354 679 2386 zeumatibus
865 2356 904 2386 A.
937 2352 1162 2394 Hymnizando
1187 2353 1385 2387 laetabunda

240 2402 467 2435 Adhaerentes
494 2401 525 2434 ei
548 2402 583 2434 in
605 2405 782 2434 aeternum.
984 2401 1134 2434 Gaudeat
1163 2402 1308 2446 ecclesia,
