1653 2567
673 130 717 134 —
768 106 934 143 185-

280 204 327 237 In
354 206 385 237 2.
410 205 632 245 vesperis.
908 205 959 237 Ne
983 214 1061 246 grex
1086 205 1157 246 ipse
1181 206 1293 245 pereat

957 251 1085 285 defectu
1110 256 1285 292 pastorum,

346 307 392 335 Ad
410 307 592 343 Magnificat.
909 301 995 332 Ante
1019 309 1177 332 summum
1200 299 1340 332 iudicem

959 357 1071 381 causas
1097 356 1279 380 correorum

144 395 186 428 A.
216 395 306 436 Vale,
333 396 369 426 tu
393 394 592 435 praesidium
911 396 1102 429 Constanter
1128 394 1291 427 defendito

267 445 301 475 et
322 451 397 483 spes
422 443 666 486 Vesgothorum,
956 444 1028 475 iure
1051 443 1247 486 meritorum,

219 490 313 523 Tolle
336 491 402 522 tuis
428 490 578 530 precibus
912 490 945 523 Si
973 492 1122 531 desperes
1148 491 1286 534 vincere,

272 538 358 580 quod
382 541 431 570 est
453 538 651 576 indecorum,
958 548 1021 571 non
1048 538 1173 571 declina
1195 536 1310 578 forum,

221 586 343 618 Dentes
368 587 471 618 'tunde
490 585 606 618 baculo
915 586 1016 618 Immo
1040 585 1133 618 nobis
1158 587 1281 618 advoca

273 642 407 675 rapaces
432 634 594 675 luporum,
961 634 1104 674 reginam
1127 634 1298 668 caelorum.

226 699 313 727 BreV.
334 698 477 727 Searense
497 699 567 735 imp.
587 698 728 726 Holmiae
749 695 831 726 1495.
852 713 889 717 —
909 698 1062 733 Hymnen:
1084 698 1119 725 In
1135 696 1160 726 1.
1173 698 1280 734 Vesp.:
1300 699 1347 727 Tu
1359 706 1466 734 parens

148 738 221 765 nato
243 738 344 766 debita
365 737 544 773 (Klemming
570 737 592 770 1,
615 734 673 771 62);
696 736 733 763 ad
752 736 853 764 Noeta
874 738 977 766 Noctis
1000 738 1058 764 iam
1081 736 1167 764 cedat
1187 737 1279 764 otium
1304 735 1384 772 Libid.
1406 735 1466 773 64);

151 777 184 803 in
202 776 307 804 Laud:
327 776 443 803 Aurora
462 775 537 803 lueis
560 772 666 802 rutilat
683 773 768 810 (Ibid.
789 773 845 809 59).

603 867 649 899 65.
685 867 728 899 De
748 867 855 899 sancto
877 866 1018 899 Gannico.

287 930 334 962 In
362 930 392 963 1.
421 929 642 969 VesperiS.
853 929 884 961 5.
909 927 961 960 Ex
986 937 1047 968 quo
1073 927 1135 959 Dei
1159 936 1291 960 munere

959 974 1071 1008 Caelos
1097 975 1280 1016 ascendisti,

365 1021 563 1059 Antiphonae.
908 1021 1015 1062 Digne
1038 1023 1106 1055 Deo
1133 1021 1240 1055 vivere

958 1069 1027 1101 Fac
1049 1078 1107 1102 nos
1133 1078 1242 1103 servos
1268 1069 1398 1111 Christi,

910 1116 970 1155 Qui
997 1116 1155 1149 defunctis
1181 1118 1320 1150 reddere

957 1164 1066 1197 Vitam
1088 1165 1232 1207 potuisti,

955 1212 996 1244 In
1020 1212 1116 1244 terris
1143 1213 1218 1245 dum
1244 1213 1361 1244 vixisti.

163 1091 195 1125 1.
224 1091 249 1123 O
276 1093 387 1131 pastor
411 1091 465 1131 pie
493 1089 641 1132 Cannice,

272 1138 409 1178 Gregem
435 1138 571 1178 benigne
596 1137 731 1177 respice,

222 1186 362 1218 Turmae
387 1185 527 1218 concivis
554 1185 703 1225 caelicae,

270 1233 398 1267 Christo
423 1241 481 1266 nos
508 1241 598 1265 caros
626 1231 730 1265 effice.

156 1321 189 1352 2.
217 1319 267 1351 Tu
293 1318 437 1352 excelsus
1027 1306 1073 1334 Ad
1090 1306 1272 1343 Magnificat.

264 1367 297 1399 in
322 1366 421 1398 verbo
446 1366 569 1408 gloriae
836 1374 878 1407 A.
907 1373 962 1406 Ad
987 1373 1089 1406 sancti
1116 1373 1248 1406 Cannici

219 1414 393 1447 Illustrasti
955 1421 1057 1454 Laeta
1081 1421 1257 1464 sollemnia,

263 1464 374 1502 partes
400 1461 588 1502 Hiberniae,
907 1468 977 1501 Viri
1002 1467 1130 1501 mirifici

218 1510 339 1549 Quibus
364 1513 524 1541 monstras
958 1518 1022 1549 Per
1046 1517 1137 1556 signa
1161 1516 1261 1560 varia,

267 1558 351 1590 viam
376 1556 530 1598 iustitiae,
908 1563 1021 1597 Laude
1042 1564 1213 1604 multiplici

217 1606 286 1638 Hos
313 1605 500 1637 commenda
955 1613 1094 1644 Plaudat
1119 1612 1262 1652 ecclesia,

263 1652 391 1686 divinae
415 1652 548 1693 gratiae.
908 1660 974 1700 Quo
999 1659 1102 1701 possit
1124 1658 1209 1692 effici

157 1742 188 1774 3.
214 1739 336 1781 Rogum
362 1739 396 1772 in
421 1739 518 1772 Italia
956 1707 1093 1740 consors
1114 1707 1148 1739 in
1171 1707 1284 1747 gloria'

264 1787 444 1820 Ardentem
467 1786 585 1828 vicisti,

214 1836 245 1868 A
271 1844 332 1876 quo
358 1835 421 1867 Dei
444 1835 547 1876 gratia
973 1822 1034 1855 Ad
1059 1822 1332 1858 Matutinum,

265 1884 403 1917 Illaesus
427 1883 533 1923 existi,
1039 1899 1260 1927 Invitatorium.

217 1931 391 1965 Gehennae
415 1941 474 1964 nos
499 1931 603 1964 libera

261 1980 313 2013 Ab
340 1980 458 2014 ardore
481 1979 577 2012 tristi.
901 1958 1083 1991 Adoremus
1109 1958 1238 1990 unioum

952 2006 1072 2038 Rerum
1097 2006 1305 2046 conditorem,

152 2071 184 2101 4,
211 2067 313 2099 Tuam
337 2065 430 2098 nobis
907 2053 1133 2088 collaudantes
1160 2053 1344 2095 Cannicum,

264 2114 373 2155 pande
398 2114 610 2158 clementiam,
954 2102 1075 2135 Christi
1101 2100 1327 2135 confessorem.

213 2163 273 2203 Qui
299 2162 421 2195 sedasti

259 2211 357 2244 maris
379 2210 558 2251 saevitiam,
963 2218 1009 2250 In
1037 2219 1068 2252 3·
1095 2216 1331 2250 Nocturna

213 2259 261 2292 Ut
287 2268 471 2299 compescas

259 2317 384 2341 omnem
409 2307 574 2347 malitiam,

210 2357 250 2389 In
276 2357 338 2389 hoc
361 2357 481 2389 mundo
847 2353 880 2387 1.
906 2351 1026 2386 Vivens
1053 2352 1122 2384 sine
1145 2352 1271 2385 macula

259 2403 352 2438 nobis
379 2404 584 2438 contrariam.
953 2401 1043 2433 Iuste
1068 2403 1196 2433 sanctus
1220 2400 1283 2433 iste

1052 2293 1249 2330 Antiphonae.
