<?xml version="1.0" encoding="UTF-8"?>
<!DOCTYPE html PUBLIC "-//W3C//DTD XHTML 1.0 Transitional//EN"
    "http://www.w3.org/TR/xhtml1/DTD/xhtml1-transitional.dtd">
<html xmlns="http://www.w3.org/1999/xhtml" xml:lang="en" lang="en">
 <head>
  <title>
</title>
<meta http-equiv="Content-Type" content="text/html;charset=utf-8" />
  <meta name='ocr-system' content='tesseract 3.04.00' />
  <meta name='ocr-capabilities' content='ocr_page ocr_carea ocr_par ocr_line ocrx_word'/>
</head>
<body>
  <div class='ocr_page' id='page_1' title='image "./analectahymnica25drevuoft_00039.png"; bbox 0 0 1655 2568; ppageno 0'>
   <div class='ocr_carea' id='block_1_1' title="bbox 262 184 703 273">
    <p class='ocr_par' dir='ltr' id='par_1_1' title="bbox 262 184 703 273">
     <span class='ocr_line' id='line_1_1' title="bbox 262 184 683 218; baseline 0.005 -3"><span class='ocrx_word' id='word_1_1' title='bbox 262 184 309 215; x_wconf 90' lang='lat' dir='ltr'>Te</span> <span class='ocrx_word' id='word_1_2' title='bbox 332 185 467 217; x_wconf 85' lang='lat' dir='ltr'>virtutes</span> <span class='ocrx_word' id='word_1_3' title='bbox 492 188 683 218; x_wconf 82' lang='lat' dir='ltr'>venerantur</span> 
     </span>
     <span class='ocr_line' id='line_1_2' title="bbox 311 233 703 273; baseline 0.003 -9"><span class='ocrx_word' id='word_1_4' title='bbox 311 233 350 264; x_wconf 87' lang='lat' dir='ltr'>In</span> <span class='ocrx_word' id='word_1_5' title='bbox 375 233 469 265; x_wconf 81' lang='lat' dir='ltr'>terris</span> <span class='ocrx_word' id='word_1_6' title='bbox 491 233 703 273; x_wconf 82' lang='lat' dir='ltr'>propalatum.</span> 
     </span>
    </p>
   </div>
   <div class='ocr_carea' id='block_1_2' title="bbox 381 335 631 365">
    <p class='ocr_par' dir='ltr' id='par_1_2' title="bbox 381 335 631 365">
     <span class='ocr_line' id='line_1_3' title="bbox 381 335 631 365; baseline 0 -2"><span class='ocrx_word' id='word_1_7' title='bbox 381 335 427 363; x_wconf 75' lang='lat' dir='ltr'>Ad</span> <span class='ocrx_word' id='word_1_8' title='bbox 446 337 631 365; x_wconf 78' lang='lat' dir='ltr'>Benedictus.</span> 
     </span>
    </p>
   </div>
   <div class='ocr_carea' id='block_1_3' title="bbox 191 412 755 690">
    <p class='ocr_par' dir='ltr' id='par_1_3' title="bbox 191 412 755 690">
     <span class='ocr_line' id='line_1_4' title="bbox 191 412 672 445; baseline 0 -1"><span class='ocrx_word' id='word_1_9' title='bbox 191 413 229 445; x_wconf 50' lang='lat' dir='ltr'>A&lt;</span> <span class='ocrx_word' id='word_1_10' title='bbox 261 412 375 445; x_wconf 79' lang='lat' dir='ltr'><strong>Erexit</strong></span> <span class='ocrx_word' id='word_1_11' title='bbox 397 422 494 445; x_wconf 86' lang='lat' dir='ltr'>cornu</span> <span class='ocrx_word' id='word_1_12' title='bbox 518 413 672 445; x_wconf 84' lang='lat' dir='ltr'><strong>Dominus</strong></span> 
     </span>
     <span class='ocr_line' id='line_1_5' title="bbox 313 460 635 500; baseline -0.003 -8"><span class='ocrx_word' id='word_1_13' title='bbox 313 460 430 492; x_wconf 83' lang='lat' dir='ltr'>Salutis</span> <span class='ocrx_word' id='word_1_14' title='bbox 452 461 486 492; x_wconf 91' lang='lat' dir='ltr'>in</span> <span class='ocrx_word' id='word_1_15' title='bbox 511 460 635 500; x_wconf 81' lang='lat' dir='ltr'>Alexio,</span> 
     </span>
     <span class='ocr_line' id='line_1_6' title="bbox 262 506 755 547; baseline 0.002 -9"><span class='ocrx_word' id='word_1_16' title='bbox 262 506 344 538; x_wconf 88' lang='lat' dir='ltr'>Nam</span> <span class='ocrx_word' id='word_1_17' title='bbox 369 507 489 547; x_wconf 82' lang='lat' dir='ltr'>aegroti</span> <span class='ocrx_word' id='word_1_18' title='bbox 514 509 588 539; x_wconf 85' lang='lat' dir='ltr'>sunt</span> <span class='ocrx_word' id='word_1_19' title='bbox 610 507 755 546; x_wconf 89' lang='lat' dir='ltr'>protinus</span> 
     </span>
     <span class='ocr_line' id='line_1_7' title="bbox 309 553 676 594; baseline 0.003 -9"><span class='ocrx_word' id='word_1_20' title='bbox 309 554 386 585; x_wconf 89' lang='lat' dir='ltr'>Eius</span> <span class='ocrx_word' id='word_1_21' title='bbox 412 553 480 585; x_wconf 86' lang='lat' dir='ltr'>sani</span> <span class='ocrx_word' id='word_1_22' title='bbox 505 554 676 594; x_wconf 86' lang='lat' dir='ltr'>praesidio,</span> 
     </span>
     <span class='ocr_line' id='line_1_8' title="bbox 265 601 744 641; baseline 0 -9"><span class='ocrx_word' id='word_1_23' title='bbox 265 601 358 632; x_wconf 81' lang='lat' dir='ltr'>Caeci</span> <span class='ocrx_word' id='word_1_24' title='bbox 383 601 493 632; x_wconf 85' lang='lat' dir='ltr'>vident</span> <span class='ocrx_word' id='word_1_25' title='bbox 518 604 549 632; x_wconf 87' lang='lat' dir='ltr'>et</span> <span class='ocrx_word' id='word_1_26' title='bbox 572 601 744 641; x_wconf 85' lang='lat' dir='ltr'>loquuntur</span> 
     </span>
     <span class='ocr_line' id='line_1_9' title="bbox 259 648 742 690; baseline 0 -11"><span class='ocrx_word' id='word_1_27' title='bbox 259 648 352 688; x_wconf 82' lang='lat' dir='ltr'>Muti,</span> <span class='ocrx_word' id='word_1_28' title='bbox 381 648 547 680; x_wconf 78' lang='lat' dir='ltr'>daemones</span> <span class='ocrx_word' id='word_1_29' title='bbox 572 648 742 690; x_wconf 85' lang='lat' dir='ltr'>pelluntur,</span> 
     </span>
    </p>
   </div>
   <div class='ocr_carea' id='block_1_4' title="bbox 309 695 812 735">
    <p class='ocr_par' dir='ltr' id='par_1_4' title="bbox 309 695 812 735">
     <span class='ocr_line' id='line_1_10' title="bbox 309 695 812 735; baseline -0.004 -8"><span class='ocrx_word' id='word_1_30' title='bbox 309 695 424 734; x_wconf 86' lang='lat' dir='ltr'>Sospes</span> <span class='ocrx_word' id='word_1_31' title='bbox 456 695 595 735; x_wconf 86' lang='lat' dir='ltr'>quisquis</span> <span class='ocrx_word' id='word_1_32' title='bbox 620 695 812 735; x_wconf 82' lang='lat' dir='ltr'>regreditur,</span> 
     </span>
    </p>
   </div>
   <div class='ocr_carea' id='block_1_5' title="bbox 263 742 691 784">
    <p class='ocr_par' dir='ltr' id='par_1_5' title="bbox 263 742 691 784">
     <span class='ocr_line' id='line_1_11' title="bbox 263 742 691 784; baseline -0.002 -10"><span class='ocrx_word' id='word_1_33' title='bbox 263 742 341 781; x_wconf 80' lang='lat' dir='ltr'>Nos,</span> <span class='ocrx_word' id='word_1_34' title='bbox 369 742 422 781; x_wconf 87' lang='lat' dir='ltr'>qui</span> <span class='ocrx_word' id='word_1_35' title='bbox 446 751 552 774; x_wconf 88' lang='lat' dir='ltr'>sumus</span> <span class='ocrx_word' id='word_1_36' title='bbox 577 742 691 784; x_wconf 81' lang='lat' dir='ltr'>vitiati,</span> 
     </span>
    </p>
   </div>
   <div class='ocr_carea' id='block_1_6' title="bbox 261 789 783 829">
    <p class='ocr_par' dir='ltr' id='par_1_6' title="bbox 261 789 783 829">
     <span class='ocr_line' id='line_1_12' title="bbox 261 789 783 829; baseline -0.002 -9"><span class='ocrx_word' id='word_1_37' title='bbox 261 789 374 821; x_wconf 82' lang='lat' dir='ltr'>Morbo</span> <span class='ocrx_word' id='word_1_38' title='bbox 400 789 518 821; x_wconf 85' lang='lat' dir='ltr'>munda</span> <span class='ocrx_word' id='word_1_39' title='bbox 543 798 626 821; x_wconf 87' lang='lat' dir='ltr'>nunc</span> <span class='ocrx_word' id='word_1_40' title='bbox 649 789 783 829; x_wconf 85' lang='lat' dir='ltr'>peccati,</span> 
     </span>
    </p>
   </div>
   <div class='ocr_carea' id='block_1_7' title="bbox 306 836 744 875">
    <p class='ocr_par' dir='ltr' id='par_1_7' title="bbox 306 836 744 875">
     <span class='ocr_line' id='line_1_13' title="bbox 306 836 744 875; baseline 0.002 -7"><span class='ocrx_word' id='word_1_41' title='bbox 306 836 396 874; x_wconf 71' lang='lat' dir='ltr'>Quod</span> <span class='ocrx_word' id='word_1_42' title='bbox 421 846 441 868; x_wconf 82' lang='lat' dir='ltr'>a</span> <span class='ocrx_word' id='word_1_43' title='bbox 464 836 556 868; x_wconf 83' lang='lat' dir='ltr'>nobis</span> <span class='ocrx_word' id='word_1_44' title='bbox 579 836 744 875; x_wconf 81' lang='lat' dir='ltr'>ingeritur.</span> 
     </span>
    </p>
   </div>
   <div class='ocr_carea' id='block_1_8' title="bbox 1014 185 1365 297">
    <p class='ocr_par' dir='ltr' id='par_1_8' title="bbox 1014 185 1365 297">
     <span class='ocr_line' id='line_1_14' title="bbox 1014 185 1365 225; baseline -0.006 -7"><span class='ocrx_word' id='word_1_45' title='bbox 1014 186 1061 218; x_wconf 89' lang='lat' dir='ltr'>In</span> <span class='ocrx_word' id='word_1_46' title='bbox 1089 188 1119 218; x_wconf 74' lang='lat'>2.</span> <span class='ocrx_word' id='word_1_47' title='bbox 1146 185 1365 225; x_wconf 85' lang='lat' dir='ltr'>Vesperis.</span> 
     </span>
     <span class='ocr_line' id='line_1_15' title="bbox 1065 259 1310 297; baseline -0.012 -9"><span class='ocrx_word' id='word_1_48' title='bbox 1065 260 1110 289; x_wconf 81' lang='lat' dir='ltr'>Ad</span> <span class='ocrx_word' id='word_1_49' title='bbox 1128 259 1310 297; x_wconf 76' lang='lat' dir='ltr'>Magnificat.</span> 
     </span>
    </p>
   </div>
   <div class='ocr_carea' id='block_1_9' title="bbox 874 315 1402 352">
    <p class='ocr_par' dir='ltr' id='par_1_9' title="bbox 874 315 1402 352">
     <span class='ocr_line' id='line_1_16' title="bbox 874 315 1402 352; baseline -0.013 0"><span class='ocrx_word' id='word_1_50' title='bbox 874 320 914 352; x_wconf 82' lang='lat' dir='ltr'>A.</span> <span class='ocrx_word' id='word_1_51' title='bbox 944 319 1028 351; x_wconf 87' lang='lat' dir='ltr'>Dum</span> <span class='ocrx_word' id='word_1_52' title='bbox 1060 327 1178 351; x_wconf 78' lang='lat' dir='ltr'>aurora</span> <span class='ocrx_word' id='word_1_53' title='bbox 1201 317 1292 349; x_wconf 77' lang='lat' dir='ltr'>huius</span> <span class='ocrx_word' id='word_1_54' title='bbox 1318 315 1402 347; x_wconf 84' lang='lat' dir='ltr'>vitae</span> 
     </span>
    </p>
   </div>
   <div class='ocr_carea' id='block_1_10' title="bbox 942 362 1433 875">
    <p class='ocr_par' dir='ltr' id='par_1_10' title="bbox 942 362 1433 875">
     <span class='ocr_line' id='line_1_17' title="bbox 992 362 1370 400; baseline -0.016 -2"><span class='ocrx_word' id='word_1_55' title='bbox 992 366 1105 397; x_wconf 81' lang='lat' dir='ltr'>Finem</span> <span class='ocrx_word' id='word_1_56' title='bbox 1132 367 1223 398; x_wconf 84' lang='lat' dir='ltr'>daret</span> <span class='ocrx_word' id='word_1_57' title='bbox 1246 362 1370 400; x_wconf 78' lang='lat' dir='ltr'>Alexio,</span> 
     </span>
     <span class='ocr_line' id='line_1_18' title="bbox 943 409 1376 453; baseline -0.016 -7"><span class='ocrx_word' id='word_1_58' title='bbox 943 414 1040 453; x_wconf 80' lang='lat' dir='ltr'>Eece,</span> <span class='ocrx_word' id='word_1_59' title='bbox 1064 412 1167 445; x_wconf 87' lang='lat' dir='ltr'>fluunt</span> <span class='ocrx_word' id='word_1_60' title='bbox 1188 409 1376 445; x_wconf 82' lang='lat' dir='ltr'>Romanitae</span> 
     </span>
     <span class='ocr_line' id='line_1_19' title="bbox 995 457 1401 500; baseline -0.017 -7"><span class='ocrx_word' id='word_1_61' title='bbox 995 460 1071 492; x_wconf 88' lang='lat' dir='ltr'>Cum</span> <span class='ocrx_word' id='word_1_62' title='bbox 1096 469 1182 500; x_wconf 86' lang='lat' dir='ltr'>papa</span> <span class='ocrx_word' id='word_1_63' title='bbox 1205 457 1401 497; x_wconf 81' lang='lat' dir='ltr'>Innocentio,</span> 
     </span>
     <span class='ocr_line' id='line_1_20' title="bbox 945 504 1402 543; baseline -0.013 -3"><span class='ocrx_word' id='word_1_64' title='bbox 945 508 1038 540; x_wconf 86' lang='lat' dir='ltr'>Nunc</span> <span class='ocrx_word' id='word_1_65' title='bbox 1063 509 1164 539; x_wconf 84' lang='lat' dir='ltr'>claret</span> <span class='ocrx_word' id='word_1_66' title='bbox 1186 508 1219 539; x_wconf 90' lang='lat' dir='ltr'>in</span> <span class='ocrx_word' id='word_1_67' title='bbox 1243 504 1402 543; x_wconf 82' lang='lat' dir='ltr'>eminenti,</span> 
     </span>
     <span class='ocr_line' id='line_1_21' title="bbox 992 551 1409 594; baseline -0.01 -8"><span class='ocrx_word' id='word_1_68' title='bbox 992 555 1051 594; x_wconf 78' lang='lat' dir='ltr'>Qui</span> <span class='ocrx_word' id='word_1_69' title='bbox 1077 554 1183 587; x_wconf 77' lang='lat' dir='ltr'>fuerat</span> <span class='ocrx_word' id='word_1_70' title='bbox 1207 554 1265 585; x_wconf 90' lang='lat' dir='ltr'>sub</span> <span class='ocrx_word' id='word_1_71' title='bbox 1290 551 1409 590; x_wconf 87' lang='lat' dir='ltr'>nubilo,</span> 
     </span>
     <span class='ocr_line' id='line_1_22' title="bbox 943 599 1372 641; baseline -0.007 -8"><span class='ocrx_word' id='word_1_72' title='bbox 943 602 988 634; x_wconf 88' lang='lat' dir='ltr'>Et</span> <span class='ocrx_word' id='word_1_73' title='bbox 1012 602 1153 633; x_wconf 84' lang='lat' dir='ltr'>abiectus</span> <span class='ocrx_word' id='word_1_74' title='bbox 1180 604 1228 633; x_wconf 87' lang='lat' dir='ltr'>est</span> <span class='ocrx_word' id='word_1_75' title='bbox 1251 599 1372 641; x_wconf 83' lang='lat' dir='ltr'>ingenti</span> 
     </span>
     <span class='ocr_line' id='line_1_23' title="bbox 992 646 1395 690; baseline -0.007 -10"><span class='ocrx_word' id='word_1_76' title='bbox 992 649 1165 680; x_wconf 82' lang='lat' dir='ltr'>Revelatus</span> <span class='ocrx_word' id='word_1_77' title='bbox 1192 656 1261 680; x_wconf 89' lang='lat' dir='ltr'>cum</span> <span class='ocrx_word' id='word_1_78' title='bbox 1286 646 1395 690; x_wconf 87' lang='lat' dir='ltr'>iubilo,</span> 
     </span>
     <span class='ocr_line' id='line_1_24' title="bbox 944 694 1390 728; baseline -0.007 0"><span class='ocrx_word' id='word_1_79' title='bbox 944 695 1177 728; x_wconf 83' lang='lat' dir='ltr'>Candelabrum</span> <span class='ocrx_word' id='word_1_80' title='bbox 1200 695 1258 726; x_wconf 91' lang='lat' dir='ltr'>sub</span> <span class='ocrx_word' id='word_1_81' title='bbox 1285 694 1390 726; x_wconf 86' lang='lat' dir='ltr'>modio</span> 
     </span>
     <span class='ocr_line' id='line_1_25' title="bbox 942 741 1427 781; baseline -0.006 -7"><span class='ocrx_word' id='word_1_82' title='bbox 942 743 1011 775; x_wconf 78' lang='lat' dir='ltr'>Iam</span> <span class='ocrx_word' id='word_1_83' title='bbox 1035 752 1099 774; x_wconf 85' lang='lat' dir='ltr'>non</span> <span class='ocrx_word' id='word_1_84' title='bbox 1123 743 1213 781; x_wconf 83' lang='lat' dir='ltr'>latet,</span> <span class='ocrx_word' id='word_1_85' title='bbox 1240 743 1297 774; x_wconf 80' lang='lat' dir='ltr'>sed</span> <span class='ocrx_word' id='word_1_86' title='bbox 1321 741 1427 772; x_wconf 83' lang='lat' dir='ltr'>medio</span> 
     </span>
     <span class='ocr_line' id='line_1_26' title="bbox 991 788 1433 829; baseline -0.005 -9"><span class='ocrx_word' id='word_1_87' title='bbox 991 789 1130 821; x_wconf 82' lang='lat' dir='ltr'>Nostrae</span> <span class='ocrx_word' id='word_1_88' title='bbox 1154 788 1256 829; x_wconf 83' lang='lat' dir='ltr'>fulget</span> <span class='ocrx_word' id='word_1_89' title='bbox 1279 789 1433 822; x_wconf 83' lang='lat' dir='ltr'>ecelesiae</span> 
     </span>
     <span class='ocr_line' id='line_1_27' title="bbox 991 835 1408 875; baseline 0.002 -7"><span class='ocrx_word' id='word_1_90' title='bbox 991 836 1129 869; x_wconf 78' lang='lat' dir='ltr'>Caelesti</span> <span class='ocrx_word' id='word_1_91' title='bbox 1154 835 1265 868; x_wconf 77' lang='lat' dir='ltr'>fruens</span> <span class='ocrx_word' id='word_1_92' title='bbox 1286 836 1408 875; x_wconf 80' lang='lat' dir='ltr'>requie.</span> 
     </span>
    </p>
   </div>
   <div class='ocr_carea' id='block_1_11' title="bbox 188 899 1502 1126">
    <p class='ocr_par' dir='ltr' id='par_1_11' title="bbox 188 899 1502 1126">
     <span class='ocr_line' id='line_1_28' title="bbox 191 899 1494 947; baseline -0.002 -19"><span class='ocrx_word' id='word_1_93' title='bbox 191 940 197 945; x_wconf 48' lang='lat'><em>·</em></span> <span class='ocrx_word' id='word_1_94' title='bbox 263 901 347 928; x_wconf 77' lang='lat' dir='ltr'>Brev.</span> <span class='ocrx_word' id='word_1_95' title='bbox 375 900 580 945; x_wconf 69' lang='lat' dir='ltr'>Magantinum</span> <span class='ocrx_word' id='word_1_96' title='bbox 612 902 681 936; x_wconf 86' lang='lat' dir='ltr'>imp.</span> <span class='ocrx_word' id='word_1_97' title='bbox 718 909 740 928; x_wconf 82' lang='lat' dir='ltr'>s.</span> <span class='ocrx_word' id='word_1_98' title='bbox 772 901 791 927; x_wconf 90' lang='lat' dir='ltr'>l.</span> <span class='ocrx_word' id='word_1_99' title='bbox 819 903 848 927; x_wconf 85' lang='lat' dir='ltr'>et</span> <span class='ocrx_word' id='word_1_100' title='bbox 872 909 898 928; x_wconf 88' lang='lat' dir='ltr'>a.</span> <span class='ocrx_word' id='word_1_101' title='bbox 924 899 1028 936; x_wconf 83' lang='lat'>(1474).</span> <span class='ocrx_word' id='word_1_102' title='bbox 1041 902 1089 945; x_wconf 64' lang='grc' dir='ltr'>Ἀ.</span> <span class='ocrx_word' id='word_1_103' title='bbox 1117 915 1152 919; x_wconf 85' lang='grc'>-</span> <span class='ocrx_word' id='word_1_104' title='bbox 1183 903 1267 930; x_wconf 82' lang='lat' dir='ltr'>Brev.</span> <span class='ocrx_word' id='word_1_105' title='bbox 1287 900 1494 947; x_wconf 69' lang='lat' dir='ltr'>Magantinmn</span> 
     </span>
     <span class='ocr_line' id='line_1_29' title="bbox 188 936 1502 1011; baseline -0.002 -9"><span class='ocrx_word' id='word_1_106' title='bbox 188 948 270 1010; x_wconf 46' lang='lat' dir='ltr'>guli,</span> <span class='ocrx_word' id='word_1_107' title='bbox 285 936 650 1011; x_wconf 39' lang='grc' dir='ltr'>Ϊόῃῗῗέῐξιιῒαξὲῗτέηξῷᾚί-ε</span> <span class='ocrx_word' id='word_1_108' title='bbox 670 938 716 1003; x_wconf 48' lang='lat' dir='ltr'>{iun</span> <span class='ocrx_word' id='word_1_109' title='bbox 730 936 767 995; x_wconf 49' lang='lat' dir='ltr'><strong><em>L</em></strong></span> <span class='ocrx_word' id='word_1_110' title='bbox 782 938 885 1008; x_wconf 40' lang='lat'>1205?</span> <span class='ocrx_word' id='word_1_111' title='bbox 894 936 930 1001; x_wconf 77' lang='grc' dir='ltr'>2Α</span> <span class='ocrx_word' id='word_1_112' title='bbox 938 936 1192 1004; x_wconf 51' lang='grc' dir='ltr'>ϋξῑιὲᾱίᾚίξῐῗὶιίῗιῗὲ</span> <span class='ocrx_word' id='word_1_113' title='bbox 1215 936 1384 1004; x_wconf 36' lang='lat' dir='ltr'>agenn&amp;</span> <span class='ocrx_word' id='word_1_114' title='bbox 1396 937 1447 1003; x_wconf 67' lang='lat' dir='ltr'>Nsso</span> <span class='ocrx_word' id='word_1_115' title='bbox 1457 941 1502 995; x_wconf 41' lang='grc' dir='ltr'>(ᾖ</span> 
     </span>
     <span class='ocr_line' id='line_1_30' title="bbox 188 1011 1500 1049; baseline 0.001 -10"><span class='ocrx_word' id='word_1_116' title='bbox 188 1012 208 1039; x_wconf 80' lang='lat' dir='ltr'>R</span> <span class='ocrx_word' id='word_1_117' title='bbox 230 1012 255 1047; x_wconf 78' lang='lat'>2,</span> <span class='ocrx_word' id='word_1_118' title='bbox 276 1015 293 1032; x_wconf 47' lang='grc' dir='ltr'>θ’</span> <span class='ocrx_word' id='word_1_119' title='bbox 316 1015 373 1047; x_wconf 67' lang='lat' dir='ltr'>Qui</span> <span class='ocrx_word' id='word_1_120' title='bbox 395 1012 558 1041; x_wconf 62' lang='lat' dir='ltr'>crucifixus„</span> <span class='ocrx_word' id='word_1_121' title='bbox 578 1027 616 1032; x_wconf 90' lang='lat'>—</span> <span class='ocrx_word' id='word_1_122' title='bbox 635 1013 676 1040; x_wconf 88' lang='lat' dir='ltr'>In</span> <span class='ocrx_word' id='word_1_123' title='bbox 695 1013 805 1041; x_wconf 85' lang='lat' dir='ltr'>Laud.</span> <span class='ocrx_word' id='word_1_124' title='bbox 827 1011 850 1039; x_wconf 87' lang='grc' dir='ltr'>Α</span> <span class='ocrx_word' id='word_1_125' title='bbox 879 1012 907 1046; x_wconf 86' lang='grc'>1,</span> <span class='ocrx_word' id='word_1_126' title='bbox 935 1012 954 1041; x_wconf 87' lang='grc'>4</span> <span class='ocrx_word' id='word_1_127' title='bbox 982 1014 1085 1041; x_wconf 78' lang='lat' dir='ltr'>haeres</span> <span class='ocrx_word' id='word_1_128' title='bbox 1111 1016 1141 1041; x_wconf 85' lang='lat' dir='ltr'>te</span> <span class='ocrx_word' id='word_1_129' title='bbox 1168 1014 1257 1042; x_wconf 86' lang='lat' dir='ltr'>filius.</span> <span class='ocrx_word' id='word_1_130' title='bbox 1284 1029 1323 1034; x_wconf 78' lang='grc'>-</span> <span class='ocrx_word' id='word_1_131' title='bbox 1348 1014 1500 1049; x_wconf 80' lang='lat' dir='ltr'>Hymncn:</span> 
     </span>
     <span class='ocr_line' id='line_1_31' title="bbox 188 1050 1501 1088; baseline 0.001 -10"><span class='ocrx_word' id='word_1_132' title='bbox 188 1052 224 1078; x_wconf 77' lang='lat' dir='ltr'>ad</span> <span class='ocrx_word' id='word_1_133' title='bbox 244 1053 277 1078; x_wconf 56' lang='grc' dir='ltr'>Ψ,</span> <span class='ocrx_word' id='word_1_134' title='bbox 290 1060 332 1085; x_wconf 82' lang='lat' dir='ltr'>sp.</span> <span class='ocrx_word' id='word_1_135' title='bbox 353 1053 384 1079; x_wconf 72' lang='lat' dir='ltr'>ot</span> <span class='ocrx_word' id='word_1_136' title='bbox 401 1051 501 1079; x_wconf 56' lang='lat' dir='ltr'>Nost:</span> <span class='ocrx_word' id='word_1_137' title='bbox 521 1052 648 1079; x_wconf 76' lang='lat' dir='ltr'>Laetare</span> <span class='ocrx_word' id='word_1_138' title='bbox 664 1051 737 1079; x_wconf 80' lang='lat' dir='ltr'>Sion</span> <span class='ocrx_word' id='word_1_139' title='bbox 755 1051 858 1079; x_wconf 82' lang='lat' dir='ltr'>inclita</span> <span class='ocrx_word' id='word_1_140' title='bbox 875 1051 982 1088; x_wconf 76' lang='lat' dir='ltr'>(Morel</span> <span class='ocrx_word' id='word_1_141' title='bbox 1003 1050 1081 1086; x_wconf 76' lang='lat'>195);</span> <span class='ocrx_word' id='word_1_142' title='bbox 1103 1052 1141 1079; x_wconf 71' lang='lat' dir='ltr'>ad</span> <span class='ocrx_word' id='word_1_143' title='bbox 1159 1052 1291 1080; x_wconf 77' lang='lat' dir='ltr'>Laudes:</span> <span class='ocrx_word' id='word_1_144' title='bbox 1318 1052 1413 1080; x_wconf 79' lang='lat' dir='ltr'>Mirus</span> <span class='ocrx_word' id='word_1_145' title='bbox 1433 1060 1501 1079; x_wconf 80' lang='lat' dir='ltr'>con-</span> 
     </span>
     <span class='ocr_line' id='line_1_32' title="bbox 188 1088 1025 1126; baseline 0 -10"><span class='ocrx_word' id='word_1_146' title='bbox 188 1092 313 1126; x_wconf 74' lang='lat' dir='ltr'>temptor</span> <span class='ocrx_word' id='word_1_147' title='bbox 335 1089 455 1123; x_wconf 82' lang='lat' dir='ltr'>saeculi,</span> <span class='ocrx_word' id='word_1_148' title='bbox 477 1089 592 1117; x_wconf 87' lang='lat' dir='ltr'>Divisio</span> <span class='ocrx_word' id='word_1_149' title='bbox 614 1089 664 1117; x_wconf 81' lang='lat' dir='ltr'>des</span> <span class='ocrx_word' id='word_1_150' title='bbox 683 1090 807 1125; x_wconf 84' lang='lat' dir='ltr'>vorigen</span> <span class='ocrx_word' id='word_1_151' title='bbox 825 1088 930 1124; x_wconf 86' lang='lat' dir='ltr'>(Morel</span> <span class='ocrx_word' id='word_1_152' title='bbox 950 1090 970 1117; x_wconf 95' lang='lat'>1.</span> <span class='ocrx_word' id='word_1_153' title='bbox 992 1089 1025 1124; x_wconf 91' lang='lat' dir='ltr'>c).</span> 
     </span>
    </p>
   </div>
   <div class='ocr_carea' id='block_1_12' title="bbox 651 1199 1033 1232">
    <p class='ocr_par' dir='ltr' id='par_1_12' title="bbox 651 1199 1033 1232">
     <span class='ocr_line' id='line_1_33' title="bbox 651 1199 1033 1232; baseline -0.003 -1"><span class='ocrx_word' id='word_1_154' title='bbox 651 1199 688 1231; x_wconf 92' lang='grc'>11.</span> <span class='ocrx_word' id='word_1_155' title='bbox 717 1200 760 1231; x_wconf 86' lang='lat' dir='ltr'>De</span> <span class='ocrx_word' id='word_1_156' title='bbox 781 1201 889 1232; x_wconf 86' lang='lat' dir='ltr'>sancto</span> <span class='ocrx_word' id='word_1_157' title='bbox 912 1199 1033 1231; x_wconf 80' lang='lat' dir='ltr'>Alexio.</span> 
     </span>
    </p>
   </div>
   <div class='ocr_carea' id='block_1_13' title="bbox 330 1268 675 1378">
    <p class='ocr_par' dir='ltr' id='par_1_13' title="bbox 330 1268 675 1378">
     <span class='ocr_line' id='line_1_34' title="bbox 330 1268 675 1308; baseline 0.003 -7"><span class='ocrx_word' id='word_1_158' title='bbox 330 1270 375 1301; x_wconf 87' lang='lat' dir='ltr'>In</span> <span class='ocrx_word' id='word_1_159' title='bbox 400 1269 430 1302; x_wconf 82' lang='lat'>1.</span> <span class='ocrx_word' id='word_1_160' title='bbox 459 1268 675 1308; x_wconf 81' lang='lat' dir='ltr'>Vesperis.</span> 
     </span>
     <span class='ocr_line' id='line_1_35' title="bbox 378 1342 632 1378; baseline 0 -8"><span class='ocrx_word' id='word_1_161' title='bbox 378 1342 471 1378; x_wconf 87' lang='lat' dir='ltr'>Super</span> <span class='ocrx_word' id='word_1_162' title='bbox 489 1342 632 1370; x_wconf 77' lang='lat' dir='ltr'>Psalmos.</span> 
     </span>
    </p>
   </div>
   <div class='ocr_carea' id='block_1_14' title="bbox 189 1410 730 1694">
    <p class='ocr_par' dir='ltr' id='par_1_14' title="bbox 189 1410 620 1586">
     <span class='ocr_line' id='line_1_36' title="bbox 189 1410 583 1444; baseline -0.003 -2"><span class='ocrx_word' id='word_1_163' title='bbox 189 1412 228 1444; x_wconf 85' lang='lat' dir='ltr'>A.</span> <span class='ocrx_word' id='word_1_164' title='bbox 260 1410 438 1444; x_wconf 83' lang='lat' dir='ltr'>Ecclesiam</span> <span class='ocrx_word' id='word_1_165' title='bbox 464 1410 583 1444; x_wconf 85' lang='lat' dir='ltr'>Christi</span> 
     </span>
     <span class='ocr_line' id='line_1_37' title="bbox 259 1456 521 1499; baseline -0.004 -9"><span class='ocrx_word' id='word_1_166' title='bbox 259 1456 392 1497; x_wconf 79' lang='lat' dir='ltr'>Refove,</span> <span class='ocrx_word' id='word_1_167' title='bbox 416 1458 521 1499; x_wconf 77' lang='lat' dir='ltr'>Alexi,</span> 
     </span>
     <span class='ocr_line' id='line_1_38' title="bbox 262 1502 620 1545; baseline 0 -9"><span class='ocrx_word' id='word_1_168' title='bbox 262 1506 347 1542; x_wconf 59' lang='lat' dir='ltr'>Quae</span> <span class='ocrx_word' id='word_1_169' title='bbox 371 1502 455 1536; x_wconf 82' lang='lat' dir='ltr'>festa</span> <span class='ocrx_word' id='word_1_170' title='bbox 479 1507 534 1536; x_wconf 89' lang='lat' dir='ltr'>tua</span> <span class='ocrx_word' id='word_1_171' title='bbox 557 1504 620 1545; x_wconf 87' lang='lat' dir='ltr'>piis</span> 
     </span>
     <span class='ocr_line' id='line_1_39' title="bbox 260 1551 536 1586; baseline 0.007 -2"><span class='ocrx_word' id='word_1_172' title='bbox 260 1551 389 1584; x_wconf 80' lang='lat' dir='ltr'>Excolit</span> <span class='ocrx_word' id='word_1_173' title='bbox 413 1551 536 1586; x_wconf 80' lang='lat' dir='ltr'>officiis.</span> 
     </span>
    </p>

    <p class='ocr_par' dir='ltr' id='par_1_15' title="bbox 189 1608 730 1694">
     <span class='ocr_line' id='line_1_40' title="bbox 189 1608 730 1648; baseline -0.006 -6"><span class='ocrx_word' id='word_1_174' title='bbox 189 1609 228 1642; x_wconf 82' lang='lat' dir='ltr'>R.</span> <span class='ocrx_word' id='word_1_175' title='bbox 259 1608 377 1641; x_wconf 83' lang='lat' dir='ltr'>Beatus</span> <span class='ocrx_word' id='word_1_176' title='bbox 402 1618 487 1648; x_wconf 80' lang='lat' dir='ltr'>papa</span> <span class='ocrx_word' id='word_1_177' title='bbox 513 1617 582 1639; x_wconf 87' lang='lat' dir='ltr'>oum</span> <span class='ocrx_word' id='word_1_178' title='bbox 610 1609 730 1640; x_wconf 88' lang='lat' dir='ltr'>duobus</span> 
     </span>
     <span class='ocr_line' id='line_1_41' title="bbox 259 1655 694 1694; baseline -0.002 -6"><span class='ocrx_word' id='word_1_179' title='bbox 259 1656 472 1688; x_wconf 82' lang='lat' dir='ltr'>Romanorum</span> <span class='ocrx_word' id='word_1_180' title='bbox 497 1655 694 1694; x_wconf 83' lang='lat' dir='ltr'>principibus</span> 
     </span>
    </p>
   </div>
   <div class='ocr_carea' id='block_1_15' title="bbox 260 1702 784 1742">
    <p class='ocr_par' dir='ltr' id='par_1_16' title="bbox 260 1702 784 1742">
     <span class='ocr_line' id='line_1_42' title="bbox 260 1702 784 1742; baseline -0.002 -8"><span class='ocrx_word' id='word_1_181' title='bbox 260 1702 460 1735; x_wconf 82' lang='lat' dir='ltr'>Praecedens</span> <span class='ocrx_word' id='word_1_182' title='bbox 485 1711 608 1733; x_wconf 89' lang='lat' dir='ltr'>omnem</span> <span class='ocrx_word' id='word_1_183' title='bbox 634 1703 784 1742; x_wconf 86' lang='lat' dir='ltr'>populum</span> 
     </span>
    </p>
   </div>
   <div class='ocr_carea' id='block_1_16' title="bbox 260 1750 753 1884">
    <p class='ocr_par' dir='ltr' id='par_1_17' title="bbox 260 1750 753 1884">
     <span class='ocr_line' id='line_1_43' title="bbox 263 1750 753 1789; baseline 0 -8"><span class='ocrx_word' id='word_1_184' title='bbox 263 1750 373 1782; x_wconf 85' lang='lat' dir='ltr'>Portat</span> <span class='ocrx_word' id='word_1_185' title='bbox 398 1758 511 1789; x_wconf 87' lang='lat' dir='ltr'>corpus</span> <span class='ocrx_word' id='word_1_186' title='bbox 535 1751 576 1781; x_wconf 86' lang='lat' dir='ltr'>ad</span> <span class='ocrx_word' id='word_1_187' title='bbox 601 1750 753 1781; x_wconf 87' lang='lat' dir='ltr'>tumulum</span> 
     </span>
     <span class='ocr_line' id='line_1_44' title="bbox 260 1797 668 1837; baseline -0.002 -8"><span class='ocrx_word' id='word_1_188' title='bbox 260 1799 431 1837; x_wconf 84' lang='lat' dir='ltr'>Agensque</span> <span class='ocrx_word' id='word_1_189' title='bbox 454 1797 522 1829; x_wconf 92' lang='lat' dir='ltr'>Deo</span> <span class='ocrx_word' id='word_1_190' title='bbox 548 1797 668 1837; x_wconf 78' lang='lat' dir='ltr'>gratias</span> 
     </span>
     <span class='ocr_line' id='line_1_45' title="bbox 262 1844 641 1884; baseline 0 -8"><span class='ocrx_word' id='word_1_191' title='bbox 262 1844 444 1876; x_wconf 77' lang='lat' dir='ltr'>Celebravit</span> <span class='ocrx_word' id='word_1_192' title='bbox 466 1844 641 1884; x_wconf 82' lang='lat' dir='ltr'>exsequias,</span> 
     </span>
    </p>
   </div>
   <div class='ocr_carea' id='block_1_17' title="bbox 189 1891 816 1925">
    <p class='ocr_par' dir='ltr' id='par_1_18' title="bbox 189 1891 816 1925">
     <span class='ocr_line' id='line_1_46' title="bbox 189 1891 816 1925; baseline 0 -3"><span class='ocrx_word' id='word_1_193' title='bbox 189 1892 227 1923; x_wconf 84' lang='lat' dir='ltr'>V.</span> <span class='ocrx_word' id='word_1_194' title='bbox 259 1891 329 1925; x_wconf 72' lang='lat' dir='ltr'>Vox</span> <span class='ocrx_word' id='word_1_195' title='bbox 353 1891 573 1924; x_wconf 59' lang='lat' dir='ltr'>emanationis</span> <span class='ocrx_word' id='word_1_196' title='bbox 602 1893 631 1923; x_wconf 78' lang='lat' dir='ltr'>et</span> <span class='ocrx_word' id='word_1_197' title='bbox 645 1892 761 1924; x_wconf 72' lang='lat' dir='ltr'>salutis</span> <span class='ocrx_word' id='word_1_198' title='bbox 777 1893 816 1924; x_wconf 69' lang='lat' dir='ltr'>in</span> 
     </span>
    </p>
   </div>
   <div class='ocr_carea' id='block_1_18' title="bbox 259 1938 672 1972">
    <p class='ocr_par' dir='ltr' id='par_1_19' title="bbox 259 1938 672 1972">
     <span class='ocr_line' id='line_1_47' title="bbox 259 1938 672 1972; baseline 0.002 -1"><span class='ocrx_word' id='word_1_199' title='bbox 259 1939 475 1971; x_wconf 66' lang='lat' dir='ltr'>tabernaculis</span> <span class='ocrx_word' id='word_1_200' title='bbox 499 1938 672 1972; x_wconf 72' lang='lat' dir='ltr'>iustorum.</span> 
     </span>
    </p>
   </div>
   <div class='ocr_carea' id='block_1_19' title="bbox 383 2051 628 2087">
    <p class='ocr_par' dir='ltr' id='par_1_20' title="bbox 383 2051 628 2087">
     <span class='ocr_line' id='line_1_48' title="bbox 383 2051 628 2087; baseline -0.004 -7"><span class='ocrx_word' id='word_1_201' title='bbox 383 2052 429 2080; x_wconf 80' lang='lat' dir='ltr'>Ad</span> <span class='ocrx_word' id='word_1_202' title='bbox 449 2051 628 2087; x_wconf 80' lang='lat' dir='ltr'>Magnificat.</span> 
     </span>
    </p>
   </div>
   <div class='ocr_carea' id='block_1_20' title="bbox 190 2119 725 2400">
    <p class='ocr_par' dir='ltr' id='par_1_21' title="bbox 190 2119 725 2400">
     <span class='ocr_line' id='line_1_49' title="bbox 190 2119 642 2160; baseline 0 -9"><span class='ocrx_word' id='word_1_203' title='bbox 190 2121 229 2153; x_wconf 88' lang='lat' dir='ltr'>A.</span> <span class='ocrx_word' id='word_1_204' title='bbox 262 2119 374 2152; x_wconf 76' lang='lat' dir='ltr'>Illuxit</span> <span class='ocrx_word' id='word_1_205' title='bbox 404 2120 470 2151; x_wconf 87' lang='lat' dir='ltr'>dies</span> <span class='ocrx_word' id='word_1_206' title='bbox 498 2120 642 2160; x_wconf 88' lang='lat' dir='ltr'>celebris,</span> 
     </span>
     <span class='ocr_line' id='line_1_50' title="bbox 261 2166 725 2208; baseline 0.004 -10"><span class='ocrx_word' id='word_1_207' title='bbox 261 2166 368 2199; x_wconf 82' lang='lat' dir='ltr'>Nullis</span> <span class='ocrx_word' id='word_1_208' title='bbox 395 2168 554 2200; x_wconf 83' lang='lat' dir='ltr'>turbanda</span> <span class='ocrx_word' id='word_1_209' title='bbox 574 2168 725 2208; x_wconf 79' lang='lat' dir='ltr'>tenebriS,</span> 
     </span>
     <span class='ocr_line' id='line_1_51' title="bbox 264 2215 661 2255; baseline 0.003 -9"><span class='ocrx_word' id='word_1_210' title='bbox 264 2216 331 2255; x_wconf 73' lang='lat' dir='ltr'>Qua</span> <span class='ocrx_word' id='word_1_211' title='bbox 357 2224 450 2247; x_wconf 85' lang='lat' dir='ltr'>verae</span> <span class='ocrx_word' id='word_1_212' title='bbox 474 2216 553 2247; x_wconf 88' lang='lat' dir='ltr'>lucis</span> <span class='ocrx_word' id='word_1_213' title='bbox 577 2215 661 2248; x_wconf 89' lang='lat' dir='ltr'>filius</span> 
     </span>
     <span class='ocr_line' id='line_1_52' title="bbox 259 2263 689 2303; baseline 0.005 -10"><span class='ocrx_word' id='word_1_214' title='bbox 259 2264 449 2303; x_wconf 86' lang='lat' dir='ltr'>Assumptus</span> <span class='ocrx_word' id='word_1_215' title='bbox 475 2265 522 2295; x_wconf 91' lang='lat' dir='ltr'>est</span> <span class='ocrx_word' id='word_1_216' title='bbox 546 2263 689 2303; x_wconf 76' lang='lat' dir='ltr'>Alexius,</span> 
     </span>
     <span class='ocr_line' id='line_1_53' title="bbox 261 2310 662 2343; baseline 0.002 -1"><span class='ocrx_word' id='word_1_217' title='bbox 261 2310 379 2342; x_wconf 80' lang='lat' dir='ltr'>Verum</span> <span class='ocrx_word' id='word_1_218' title='bbox 405 2311 438 2342; x_wconf 87' lang='lat' dir='ltr'>in</span> <span class='ocrx_word' id='word_1_219' title='bbox 464 2314 517 2342; x_wconf 80' lang='lat' dir='ltr'>tuo</span> <span class='ocrx_word' id='word_1_220' title='bbox 541 2311 662 2343; x_wconf 86' lang='lat' dir='ltr'>lumine</span> 
     </span>
     <span class='ocr_line' id='line_1_54' title="bbox 263 2358 711 2400; baseline 0.004 -10"><span class='ocrx_word' id='word_1_221' title='bbox 263 2358 382 2390; x_wconf 88' lang='lat' dir='ltr'>Lumen</span> <span class='ocrx_word' id='word_1_222' title='bbox 407 2358 542 2400; x_wconf 88' lang='lat' dir='ltr'>visurus,</span> <span class='ocrx_word' id='word_1_223' title='bbox 566 2359 711 2400; x_wconf 86' lang='lat' dir='ltr'>Domine,</span> 
     </span>
    </p>
   </div>
   <div class='ocr_carea' id='block_1_21' title="bbox 943 1270 1428 1549">
    <p class='ocr_par' dir='ltr' id='par_1_22' title="bbox 943 1270 1428 1549">
     <span class='ocr_line' id='line_1_55' title="bbox 946 1270 1389 1310; baseline 0 -7"><span class='ocrx_word' id='word_1_224' title='bbox 946 1271 1041 1303; x_wconf 89' lang='lat' dir='ltr'>Cuius</span> <span class='ocrx_word' id='word_1_225' title='bbox 1066 1271 1213 1310; x_wconf 82' lang='lat' dir='ltr'>placatus</span> <span class='ocrx_word' id='word_1_226' title='bbox 1239 1270 1389 1310; x_wconf 84' lang='lat' dir='ltr'>precibus</span> 
     </span>
     <span class='ocr_line' id='line_1_56' title="bbox 943 1317 1428 1362; baseline 0.002 -12"><span class='ocrx_word' id='word_1_227' title='bbox 943 1319 1078 1350; x_wconf 83' lang='lat' dir='ltr'>Praesta</span> <span class='ocrx_word' id='word_1_228' title='bbox 1101 1317 1194 1350; x_wconf 87' lang='lat' dir='ltr'>nobis</span> <span class='ocrx_word' id='word_1_229' title='bbox 1217 1318 1428 1362; x_wconf 76' lang='lat' dir='ltr'>supplicibus,</span> 
     </span>
     <span class='ocr_line' id='line_1_57' title="bbox 943 1365 1408 1406; baseline 0 -8"><span class='ocrx_word' id='word_1_230' title='bbox 943 1365 989 1398; x_wconf 90' lang='lat' dir='ltr'>Ut</span> <span class='ocrx_word' id='word_1_231' title='bbox 1016 1374 1075 1397; x_wconf 86' lang='lat' dir='ltr'>nos</span> <span class='ocrx_word' id='word_1_232' title='bbox 1098 1374 1192 1397; x_wconf 84' lang='lat' dir='ltr'>mane</span> <span class='ocrx_word' id='word_1_233' title='bbox 1217 1368 1250 1396; x_wconf 86' lang='lat' dir='ltr'>et</span> <span class='ocrx_word' id='word_1_234' title='bbox 1272 1374 1408 1406; x_wconf 83' lang='lat' dir='ltr'>vespere</span> 
     </span>
     <span class='ocr_line' id='line_1_58' title="bbox 943 1412 1307 1445; baseline 0.003 -1"><span class='ocrx_word' id='word_1_235' title='bbox 943 1412 1018 1445; x_wconf 88' lang='lat' dir='ltr'>Tibi</span> <span class='ocrx_word' id='word_1_236' title='bbox 1042 1414 1122 1445; x_wconf 88' lang='lat' dir='ltr'>velis</span> <span class='ocrx_word' id='word_1_237' title='bbox 1148 1413 1307 1445; x_wconf 86' lang='lat' dir='ltr'>adsistere</span> 
     </span>
     <span class='ocr_line' id='line_1_59' title="bbox 943 1460 1389 1500; baseline 0.004 -8"><span class='ocrx_word' id='word_1_238' title='bbox 943 1460 1053 1499; x_wconf 82' lang='lat' dir='ltr'>Teque</span> <span class='ocrx_word' id='word_1_239' title='bbox 1076 1463 1152 1500; x_wconf 74' lang='lat' dir='ltr'>post</span> <span class='ocrx_word' id='word_1_240' title='bbox 1177 1469 1248 1493; x_wconf 86' lang='lat' dir='ltr'>cum</span> <span class='ocrx_word' id='word_1_241' title='bbox 1273 1462 1389 1494; x_wconf 78' lang='lat' dir='ltr'>Alexio</span> 
     </span>
     <span class='ocr_line' id='line_1_60' title="bbox 945 1507 1412 1549; baseline 0.006 -10"><span class='ocrx_word' id='word_1_242' title='bbox 945 1507 1203 1548; x_wconf 86' lang='lat' dir='ltr'>Contemplemur</span> <span class='ocrx_word' id='word_1_243' title='bbox 1227 1508 1259 1540; x_wconf 88' lang='lat' dir='ltr'>in</span> <span class='ocrx_word' id='word_1_244' title='bbox 1285 1509 1412 1549; x_wconf 85' lang='lat' dir='ltr'>gaudio.</span> 
     </span>
    </p>
   </div>
   <div class='ocr_carea' id='block_1_22' title="bbox 1009 1612 1372 1646">
    <p class='ocr_par' dir='ltr' id='par_1_23' title="bbox 1009 1612 1372 1646">
     <span class='ocr_line' id='line_1_61' title="bbox 1009 1612 1372 1646; baseline 0.008 -3"><span class='ocrx_word' id='word_1_245' title='bbox 1009 1613 1072 1644; x_wconf 86' lang='lat' dir='ltr'>Ad</span> <span class='ocrx_word' id='word_1_246' title='bbox 1097 1612 1372 1646; x_wconf 81' lang='lat' dir='ltr'>Matutinum.-</span> 
     </span>
    </p>
   </div>
   <div class='ocr_carea' id='block_1_23' title="bbox 1079 1683 1296 1711">
    <p class='ocr_par' dir='ltr' id='par_1_24' title="bbox 1079 1683 1296 1711">
     <span class='ocr_line' id='line_1_62' title="bbox 1079 1683 1296 1711; baseline 0.005 -2"><span class='ocrx_word' id='word_1_247' title='bbox 1079 1683 1296 1711; x_wconf 79' lang='lat' dir='ltr'>Invitatorium.</span> 
     </span>
    </p>
   </div>
   <div class='ocr_carea' id='block_1_24' title="bbox 943 1739 1355 1915">
    <p class='ocr_par' dir='ltr' id='par_1_25' title="bbox 943 1739 1355 1915">
     <span class='ocr_line' id='line_1_63' title="bbox 943 1739 1248 1779; baseline 0.01 -10"><span class='ocrx_word' id='word_1_248' title='bbox 943 1739 1117 1779; x_wconf 84' lang='lat' dir='ltr'>Vigilemus</span> <span class='ocrx_word' id='word_1_249' title='bbox 1143 1742 1248 1772; x_wconf 85' lang='lat' dir='ltr'>animo</span> 
     </span>
     <span class='ocr_line' id='line_1_64' title="bbox 943 1786 1314 1831; baseline 0.005 -14"><span class='ocrx_word' id='word_1_250' title='bbox 943 1786 1119 1818; x_wconf 78' lang='lat' dir='ltr'>lubilantes</span> <span class='ocrx_word' id='word_1_251' title='bbox 1150 1788 1314 1831; x_wconf 81' lang='lat' dir='ltr'>altissimo,</span> 
     </span>
     <span class='ocr_line' id='line_1_65' title="bbox 943 1833 1314 1875; baseline 0.003 -10"><span class='ocrx_word' id='word_1_252' title='bbox 943 1833 1002 1872; x_wconf 78' lang='lat' dir='ltr'>Qui</span> <span class='ocrx_word' id='word_1_253' title='bbox 1034 1834 1130 1874; x_wconf 87' lang='lat' dir='ltr'>elegit</span> <span class='ocrx_word' id='word_1_254' title='bbox 1155 1835 1314 1875; x_wconf 86' lang='lat' dir='ltr'>egregium</span> 
     </span>
     <span class='ocr_line' id='line_1_66' title="bbox 943 1880 1355 1915; baseline 0.002 -1"><span class='ocrx_word' id='word_1_255' title='bbox 943 1880 1166 1914; x_wconf 80' lang='lat' dir='ltr'>Confessorem</span> <span class='ocrx_word' id='word_1_256' title='bbox 1194 1882 1355 1915; x_wconf 80' lang='lat' dir='ltr'>Alexium.</span> 
     </span>
    </p>
   </div>
   <div class='ocr_carea' id='block_1_25' title="bbox 1004 1986 1368 2093">
    <p class='ocr_par' dir='ltr' id='par_1_26' title="bbox 1004 1986 1368 2093">
     <span class='ocr_line' id='line_1_67' title="bbox 1004 1986 1368 2021; baseline 0 -2"><span class='ocrx_word' id='word_1_257' title='bbox 1004 1986 1050 2019; x_wconf 83' lang='lat' dir='ltr'>In</span> <span class='ocrx_word' id='word_1_258' title='bbox 1079 1986 1110 2021; x_wconf 83' lang='grc'>1.</span> <span class='ocrx_word' id='word_1_259' title='bbox 1136 1986 1368 2020; x_wconf 79' lang='lat' dir='ltr'>Nocturno.</span> 
     </span>
     <span class='ocr_line' id='line_1_68' title="bbox 1096 2057 1292 2093; baseline 0 -8"><span class='ocrx_word' id='word_1_260' title='bbox 1096 2057 1292 2093; x_wconf 85' lang='lat' dir='ltr'>Antiphonae.</span> 
     </span>
    </p>
   </div>
   <div class='ocr_carea' id='block_1_26' title="bbox 911 2114 1330 2154">
    <p class='ocr_par' dir='ltr' id='par_1_27' title="bbox 911 2114 1330 2154">
     <span class='ocr_line' id='line_1_69' title="bbox 911 2114 1330 2154; baseline 0.005 -8"><span class='ocrx_word' id='word_1_261' title='bbox 911 2140 918 2146; x_wconf 94' lang='lat'>.</span> <span class='ocrx_word' id='word_1_262' title='bbox 945 2114 1115 2147; x_wconf 83' lang='lat' dir='ltr'>Generosis</span> <span class='ocrx_word' id='word_1_263' title='bbox 1144 2116 1330 2154; x_wconf 84' lang='lat' dir='ltr'>parentibus</span> 
     </span>
    </p>
   </div>
   <div class='ocr_carea' id='block_1_27' title="bbox 945 2162 1406 2299">
    <p class='ocr_par' dir='ltr' id='par_1_28' title="bbox 945 2162 1406 2299">
     <span class='ocr_line' id='line_1_70' title="bbox 945 2162 1406 2205; baseline 0.007 -12"><span class='ocrx_word' id='word_1_264' title='bbox 945 2162 1067 2194; x_wconf 77' lang='lat' dir='ltr'>Romae</span> <span class='ocrx_word' id='word_1_265' title='bbox 1090 2171 1170 2203; x_wconf 86' lang='lat' dir='ltr'>puer</span> <span class='ocrx_word' id='word_1_266' title='bbox 1197 2165 1246 2195; x_wconf 84' lang='lat' dir='ltr'>est</span> <span class='ocrx_word' id='word_1_267' title='bbox 1270 2164 1406 2205; x_wconf 85' lang='lat' dir='ltr'>genitus,</span> 
     </span>
     <span class='ocr_line' id='line_1_71' title="bbox 946 2210 1343 2253; baseline 0.008 -12"><span class='ocrx_word' id='word_1_268' title='bbox 946 2210 1006 2249; x_wconf 77' lang='lat' dir='ltr'>Qui</span> <span class='ocrx_word' id='word_1_269' title='bbox 1032 2210 1127 2251; x_wconf 83' lang='lat' dir='ltr'>digne</span> <span class='ocrx_word' id='word_1_270' title='bbox 1149 2211 1343 2253; x_wconf 84' lang='lat' dir='ltr'>gignentium</span> 
     </span>
     <span class='ocr_line' id='line_1_72' title="bbox 947 2256 1373 2299; baseline 0.009 -10"><span class='ocrx_word' id='word_1_271' title='bbox 947 2256 1039 2290; x_wconf 87' lang='lat' dir='ltr'>Salus</span> <span class='ocrx_word' id='word_1_272' title='bbox 1065 2260 1135 2291; x_wconf 85' lang='lat' dir='ltr'>erat</span> <span class='ocrx_word' id='word_1_273' title='bbox 1160 2264 1190 2290; x_wconf 90' lang='lat' dir='ltr'>et</span> <span class='ocrx_word' id='word_1_274' title='bbox 1215 2261 1373 2299; x_wconf 85' lang='lat' dir='ltr'>gaudium.</span> 
     </span>
    </p>
   </div>
   <div class='ocr_carea' id='block_1_28' title="bbox 915 2314 1346 2354">
    <p class='ocr_par' dir='ltr' id='par_1_29' title="bbox 915 2314 1346 2354">
     <span class='ocr_line' id='line_1_73' title="bbox 915 2314 1346 2354; baseline 0.012 -10"><span class='ocrx_word' id='word_1_275' title='bbox 915 2342 921 2348; x_wconf 88' lang='grc'><strong>,</strong></span> <span class='ocrx_word' id='word_1_276' title='bbox 947 2314 1006 2354; x_wconf 80' lang='lat' dir='ltr'>Qui</span> <span class='ocrx_word' id='word_1_277' title='bbox 1033 2314 1176 2347; x_wconf 85' lang='lat' dir='ltr'>eruditus</span> <span class='ocrx_word' id='word_1_278' title='bbox 1202 2317 1346 2349; x_wconf 87' lang='lat' dir='ltr'>omnibus</span> 
     </span>
    </p>
   </div>
   <div class='ocr_carea' id='block_1_29' title="bbox 944 2361 1320 2398">
    <p class='ocr_par' dir='ltr' id='par_1_30' title="bbox 944 2361 1320 2398">
     <span class='ocr_line' id='line_1_74' title="bbox 944 2361 1320 2398; baseline 0.011 -4"><span class='ocrx_word' id='word_1_279' title='bbox 944 2361 1109 2395; x_wconf 87' lang='lat' dir='ltr'>Doctrinis</span> <span class='ocrx_word' id='word_1_280' title='bbox 1133 2363 1320 2398; x_wconf 81' lang='lat' dir='ltr'>liberalibus</span> 
     </span>
    </p>
   </div>
  </div>
 </body>
</html>
