1653 2567
692 155 946 190 —132—

298 255 347 287 In
374 255 405 287 2.
430 253 662 285 Nocturno.

385 337 582 373 Antiphonae.

184 397 215 429 1.
243 397 351 430 Oblita
373 396 476 438 patris
501 395 626 435 proprii

290 445 336 478 Ob
363 443 483 477 Christi
508 443 591 483 regis
617 450 753 473 amorem

242 493 296 524 Ad
321 500 440 534 poenas
466 489 615 530 supplicii

291 539 332 571 Se
357 537 450 571 offert
472 536 711 577 promptiorem.

185 608 216 638 2.
242 606 296 638 Ad
320 605 383 638 Dei
407 604 558 637 virtutem

290 662 348 693 spe
371 652 467 693 plena
491 649 618 691 refugit,

242 699 386 741 Tyranni
411 699 484 731 dum
509 698 614 729 rabies

288 750 324 779 ut
347 749 461 780 leaena
483 745 578 785 rugit.

191 815 223 847 3.
249 814 330 846 Eam
355 814 442 845 Deus
467 812 500 843 in
525 813 687 843 aeternum

244 861 298 893 Sic
322 860 479 898 fundavit,
506 858 591 898 quod
612 866 782 897 supernum

293 908 434 940 Verbum
458 906 528 938 visu
552 905 716 947 prospicit,

294 955 384 994 Quod
410 963 449 985 ex
473 952 584 985 auditu
610 952 757 985 credidit.

386 1047 594 1082 Responsoria.

189 1117 220 1149 1.
246 1116 317 1156 Eia,
343 1116 432 1154 virgo
458 1113 622 1155 mirabilis,

247 1163 356 1196 Paries
381 1161 439 1193 tibi
464 1161 571 1192 labilis

247 1210 313 1242 Dat
336 1211 398 1241 iter
422 1217 551 1240 manens
576 1207 711 1240 stabiliS.

247 1257 331 1289 Vere
359 1255 510 1296 splendor
535 1264 567 1286 es
592 1255 715 1294 solaris,

247 1305 294 1337 Ut
316 1305 349 1335 in
372 1303 463 1335 vitris
487 1302 556 1333 iens
583 1302 687 1341 claris,

248 1352 331 1384 Dum
362 1350 531 1382 scissuram
555 1349 674 1380 nullam
700 1349 797 1388 paris.

181 1399 219 1432 V.
250 1398 302 1430 Sic
327 1407 366 1429 ex
389 1400 480 1437 parte
504 1396 607 1429 active

249 1446 364 1485 Egisti,

250 1492 339 1531 Quod
364 1493 397 1523 in
422 1493 517 1530 partu
541 1490 667 1530 passive

252 1539 359 1572 Gessit
382 1541 485 1570 mater
512 1537 641 1571 Christi.

189 1607 222 1641 2.
248 1606 339 1638 Haec
362 1606 409 1636 est
434 1604 528 1636 stella
549 1604 705 1636 matutina

300 1653 417 1686 Clausa
441 1651 500 1682 sub
525 1652 697 1692 signaculo,

247 1700 347 1738 Quam
371 1698 513 1730 illustrat
536 1699 591 1730 lux
618 1699 726 1730 divina

297 1747 335 1779 In
362 1746 499 1778 carceris
525 1746 693 1786 ergastulo,

176 1796 215 1829 V.
247 1794 318 1826 Hoc
343 1795 453 1826 exorto
476 1792 610 1825 lucifero

253 1842 392 1879 Caelum,
418 1843 507 1872 terra
531 1840 656 1880 plaudit
676 1840 800 1881 gaudio.

192 1911 222 1942 3.
250 1907 457 1948 Septemplici
485 1907 576 1939 radio

297 1955 341 1988 Ut
366 1955 413 1987 sol
439 1954 626 1995 coruscavit,

251 2003 341 2035 Haec
364 2004 440 2034 luna
464 2011 607 2041 pugnans
632 2002 736 2034 stadio

297 2050 380 2082 Dum
405 2050 490 2081 laeta
514 2050 664 2081 toleravit

250 2098 394 2131 Carceris
417 2097 589 2137 angustias,

248 2145 393 2186 Flagella
419 2147 451 2175 et
473 2145 616 2185 ungulas,

246 2192 426 2234 Lampades
453 2195 483 2223 et
508 2192 667 2232 malleum,

248 2240 486 2273 Abscissionem
511 2239 652 2281 uberum,

182 2289 216 2322 V.
247 2288 430 2320 Ferientem

299 2338 394 2375 caput
419 2335 569 2375 gladium,

250 2383 296 2417 Ut
320 2387 485 2423 argentum

296 2434 467 2473 purgatum
491 2430 683 2470 septuplum.

985 250 1031 282 In
1058 251 1088 283 3.
1116 247 1343 280 Nocturno.

1064 332 1261 368 Antiphonae.

866 394 896 427 1.
922 392 1045 425 Afferte
1067 391 1136 423 Deo
1162 390 1306 431 gloriam,

924 441 982 480 Qui
1008 439 1147 481 gentium
1174 436 1337 477 sculptilia

922 488 1014 520 Muta
1043 495 1112 518 esse
1139 484 1306 517 daemonia

924 535 1042 567 Docuit
1065 534 1148 565 hanc
1173 532 1336 564 familiam.

893 626 899 632 .
925 600 1071 639 Exsulta,
1098 599 1173 631 Sion
1191 598 1314 638 inclita,

924 648 1026 680 Deum
1051 647 1187 679 adorant
1211 645 1326 685 angeli,

923 696 1008 727 Dum
1029 694 1109 726 haec
1130 693 1231 726 Iudae
1251 692 1319 724 filia

924 743 991 775 Dat
1015 742 1143 774 odorem
1169 740 1316 774 balsami.

891 834 898 841 .
926 809 1049 841 Novum
1075 817 1155 848 agno
1182 807 1340 839 canticum

925 857 970 889 Et.
992 856 1125 888 iubilum
1149 854 1293 886 laetitiae

926 903 1047 936 Chorus
1073 903 1158 934 canit
1182 902 1338 942 virginum

928 951 974 984 Ob
1001 951 1128 982 titulum
1153 949 1391 982 sanctimoniae.

1065 1044 1271 1079 Responsoria.

894 1137 901 1144 .
927 1111 978 1143 Ab
1003 1112 1088 1142 intus
1113 1119 1171 1151 per
1196 1119 1326 1142 aureum

978 1159 1134 1191 Vestitum
1159 1158 1239 1189 haec
1263 1160 1419 1198 protecta,

929 1206 1076 1238 Gemmas
1101 1214 1213 1245 gerens
1237 1205 1389 1237 virtutum

975 1255 1013 1286 In
1037 1257 1143 1284 mente
1168 1253 1278 1293 electa,

928 1301 1060 1332 Terram
1088 1300 1200 1331 circuit,
1222 1300 1255 1331 in
1283 1300 1424 1332 derisum

928 1348 1025 1380 Nuda
1051 1356 1155 1386 carne,
1181 1348 1300 1380 mundo
1328 1348 1425 1380 corde

929 1396 1099 1435 Attingens
1125 1395 1320 1435 paradisum.

889 1469 895 1476 .
927 1443 991 1475 Sed
1015 1445 1125 1483 tegens
1152 1443 1273 1474 eaelum
1297 1443 1435 1475 nubibus

928 1490 1022 1522 Hanc
1045 1490 1175 1522 vestivit

976 1538 1159 1578 angelorum
1182 1537 1340 1571 manibus.

894 1629 901 1637 .
927 1603 1134 1644 Nequaquam
1160 1605 1381 1637 exterminium

974 1650 1076 1683 Inferi
1103 1652 1189 1683 hunc
1211 1651 1298 1692 ferit,

930 1698 989 1737 Qui
1014 1699 1100 1739 pium
1124 1700 1338 1739 patrocinium

977 1744 1142 1778 Barbarae
1167 1747 1219 1779 hic
1245 1748 1371 1787 quaerit,

930 1793 975 1825 Et
998 1797 1181 1834 promptum
1205 1795 1310 1827 cordis
1335 1796 1487 1828 scrinium

979 1841 1030 1873 Ad
1056 1842 1166 1874 laudes
1193 1843 1259 1874 eius
1284 1843 1384 1883 gerit3

892 1913 899 1920 .
928 1888 1000 1920 Hoc
1024 1898 1043 1920 a
1070 1889 1197 1922 Christo
1222 1890 1417 1930 impetravit,

931 1936 993 1968 Pro
1019 1945 1080 1976 quo
1105 1937 1186 1969 mori
1210 1947 1273 1969 non
1299 1938 1439 1978 expavit.

898 2028 905 2035 .
932 2003 956 2036 O
983 2003 1051 2035 Dea
1076 2003 1232 2035 Saturnea

930 2050 1052 2083 Manna
1075 2051 1188 2090 pluens
1216 2052 1377 2096 caelicum,

931 2098 1012 2138 Apis
1037 2101 1072 2129 tu
1098 2107 1130 2130 es
1154 2100 1271 2132 mellea

934 2145 1043 2178 Cibum
1071 2145 1177 2178 ferens
1202 2148 1390 2188 angelicum,

932 2194 1075 2226 Famulis
1100 2195 1147 2226 tui
1171 2196 1308 2227 nominis

931 2240 1077 2273 Ferculis
1103 2240 1168 2274 frui
1193 2244 1337 2283 corporis

933 2288 1107 2321 Salvatoris

929 2336 989 2376 Da,
1018 2336 1106 2377 virgo
1134 2338 1268 2372 decoriS.

861 2384 898 2417 V.
930 2384 980 2416 Tu
1003 2394 1094 2416 mons
1119 2386 1235 2426 regalis
1262 2387 1407 2420 culminis

980 2432 1046 2465 Ros
1072 2433 1179 2466 vitalis
1203 2436 1325 2478 veniae,
