1655 2568
740 125 997 162 —259—

222 217 253 248 2.
280 217 448 250 Postremo
472 219 556 260 regis
582 220 649 253 filia

275 265 453 306 Assumpta
479 267 535 299 vili
560 269 678 310 tunica,

281 313 373 346 Caris
400 314 535 347 abiectis
560 317 702 349 vestibus

280 360 389 394 Servit
413 372 537 403 pauper
562 365 768 405 pauperibus,

238 433 247 441 .
278 408 375 449 Sequi
403 410 566 443 Christum
591 412 639 443 sic
662 413 773 452 voluit,

281 457 410 490 Christo
438 468 575 499 namque
599 460 646 491 sic
667 461 799 500 placuit.

245 551 252 559 .
278 525 450 557 Elisabeth
472 526 545 557 dum
572 529 681 558 oraret

277 573 323 606 Et
348 573 450 605 oculis
472 572 546 606 fixis
571 576 683 617 staret,

277 620 316 652 In
341 621 454 654 altaris
479 630 572 653 sacra
596 631 706 654 mensa

279 669 494 709 Resplenduit
519 670 575 701 lux
599 671 765 713 immensa,

237 740 243 747 .
273 716 326 749 Ibi
349 719 477 749 ostensa
502 720 577 749 sunt
601 718 631 749 ei

276 764 431 797 Miranda
456 768 580 797 secreta
604 765 676 799 Dei.

341 929 389 961 In
415 930 447 963 3.
474 928 705 962 Nocturno.

425 1023 623 1059 Antiphonae.

241 1119 249 1126 .
274 1091 368 1124 Haec
390 1092 500 1124 mariti
525 1095 598 1131 post
624 1092 744 1124 obitum

277 1140 443 1173 Castitatis
469 1142 582 1171 tenens
607 1142 716 1172 votum

275 1187 345 1219 Viri
370 1188 494 1228 sprevit
518 1188 678 1219 consortia

274 1236 326 1268 Ac
351 1237 535 1276 magnatum
562 1235 696 1267 conubia

238 1327 246 1335 .
272 1304 364 1336 Haec
390 1305 439 1334 est
462 1302 524 1334 Lia
547 1302 645 1342 plena
668 1302 770 1342 prole,

273 1351 361 1390 Quae
387 1350 453 1382 iam
479 1350 548 1382 sine
574 1350 679 1382 carnis
704 1351 788 1382 mole

272 1400 358 1431 Vero
383 1398 480 1431 Iacob
506 1398 708 1439 coniungitur

273 1447 319 1480 Et
342 1446 383 1479 ab
410 1454 446 1478 eo
475 1446 631 1487 diligitur.

243 1540 250 1547 .
278 1514 369 1546 Haec
392 1514 435 1546 ad
456 1514 586 1546 modum
602 1513 668 1545 iam
685 1514 836 1546 Rachelis

275 1562 379 1594 Deum
405 1562 497 1594 videt
519 1571 605 1593 nunc
629 1561 664 1593 in
690 1561 798 1602 caelis,

274 1610 336 1649 Qui
363 1610 430 1642 eius
457 1612 507 1642 est
530 1609 679 1641 solatium

273 1658 576 1699 Sempiternumque
599 1657 762 1698 gaudium.

412 1763 623 1800 Responsoria.

237 1857 244 1865 .
271 1832 442 1865 Elisabeth
470 1832 707 1872 contemplatur

271 1881 387 1919 Iesum,
415 1890 435 1913 a
458 1889 519 1921 quo
545 1880 705 1923 visitatur,

271 1929 347 1961 Flet
372 1932 404 1961 et
429 1929 515 1961 ridet
540 1937 621 1969 prae
645 1929 761 1970 gaudio

270 1977 397 2010 Fruens
423 1977 490 2009 eius
516 1977 676 2009 consortio

268 2027 320 2058 Ac
344 2026 513 2066 praedulci
543 2025 711 2066 colloquio,

229 2101 236 2109 .
267 2074 367 2113 Sicut,
393 2074 507 2114 inquit,
535 2082 606 2105 esse
629 2082 763 2114 mecum,

270 2123 352 2156 Volo
379 2131 437 2164 ego
462 2130 533 2154 esse
557 2124 674 2155 tecum.

232 2215 240 2223 .
269 2191 349 2224 Orat
372 2192 520 2221 matrona
544 2189 673 2228 nobilis,

267 2239 368 2271 Totus
393 2238 531 2279 ignescit
554 2237 689 2278 iuvenis,

269 2287 332 2319 Pro
359 2296 421 2327 quo
447 2289 550 2327 rogat,
575 2285 761 2318 incenditur

267 2336 319 2367 Ac
343 2337 477 2375 repente
503 2334 712 2378 convertitur,

227 2409 235 2417 .
266 2384 331 2416 Pro
357 2392 418 2423 quo
444 2382 553 2415 fundit
577 2391 691 2423 preces
716 2382 798 2423 pias,

265 2431 364 2464 Dolet
389 2431 456 2462 eius
481 2431 643 2464 lascivias,

912 227 942 259 3.

898 511 936 544 V.

906 1554 937 1586 4.

969 226 1055 258 Vere
1078 228 1255 258 matronam
1283 224 1419 265 felicem,

970 273 1056 305 Vere
1079 273 1141 305 Dei
1168 274 1374 317 dilectricem,

968 321 1054 360 Quae
1077 322 1190 353 meruit
1215 330 1312 361 prece
1336 322 1391 362 pia

969 368 1081 401 Dulcis
1106 370 1179 401 Iesu
1204 369 1387 409 praesentia

969 417 1008 449 In
1032 417 1094 448 hac
1120 417 1186 448 vita
1211 416 1335 449 visitari

969 465 1020 496 Ac
1043 463 1229 504 frequenter
1254 465 1428 504 consolari3

968 512 993 544 O
1020 515 1139 552 quanta
1161 512 1224 544 Dei
1249 513 1354 553 gratia

968 558 1119 600 Refulget
1141 560 1221 591 haec
1239 564 1343 591 mater
1366 560 1437 600 pia!

1063 722 1109 754 In
1133 721 1365 757 Laudibus,

1110 825 1307 862 Antiphonae.

934 919 941 927 .
969 892 1097 930 Christo
1122 895 1269 934 regnanti

1015 941 1084 973 laus
1100 941 1194 974 detur
1206 942 1371 982 honorque
1390 942 1525 986 potenti,

968 989 1031 1021 Per
1056 998 1148 1029 quem
1173 992 1285 1030 regnat
1310 990 1345 1021 in
1369 990 1473 1030 gloria

967 1036 1136 1068 Elisabeth
1158 1040 1262 1069 mater
1285 1037 1351 1076 pia.

935 1137 943 1145 .
969 1113 1039 1145 Deo
1063 1113 1142 1144 laeti
1165 1113 1335 1145 iubilemus

969 1161 1109 1193 Matrem
1134 1164 1277 1192 sanctam
1300 1160 1527 1204 collaudemus,

968 1209 1056 1248 Quae
1080 1209 1154 1241 Iesu
1181 1208 1301 1241 Christi
1326 1209 1430 1249 gratia

969 1256 1059 1289 Caeli
1084 1256 1203 1297 gaudet
1227 1256 1260 1288 in
1287 1257 1385 1290 curia.

966 1333 1064 1373 Deus,
1091 1333 1133 1365 ad
1157 1335 1192 1364 te
1216 1333 1361 1374 vigilavit

964 1381 1136 1413 Elisabeth
1160 1384 1193 1412 te
1219 1381 1350 1421 cupiens

964 1429 1016 1461 Ac
1040 1431 1170 1469 praeter
1194 1431 1228 1460 te
1252 1429 1298 1460 nil
1324 1429 1444 1460 amavit

965 1477 1021 1516 Te,
1051 1476 1188 1517 Christe,
1215 1485 1343 1516 semper
1367 1476 1490 1511 sitiens,

964 1553 1165 1586 Benedicant
1186 1556 1352 1586 creaturae

966 1601 1150 1633 Creatorem
1176 1611 1267 1633 suum
1292 1602 1373 1644 iure,

966 1649 1027 1688 Qui
1050 1649 1219 1682 Elisabeth
1244 1650 1362 1690 gaudia

965 1698 1004 1730 In
1031 1698 1113 1730 caeli
1139 1696 1264 1730 confert
1289 1699 1387 1732 curia.

931 1790 937 1797 .
964 1764 1094 1797 Laudes
1119 1765 1189 1797 Deo
1214 1765 1436 1805 persolvamus

965 1813 1107 1846 Matrem
1132 1816 1273 1846 sanctam
1299 1816 1502 1851 venerantes,

967 1861 1084 1905 Corda,
1111 1870 1206 1894 voces
1232 1862 1425 1895 adtollamus

965 1910 1033 1942 Nos
1059 1910 1102 1942 ad
1126 1910 1255 1942 laudem
1282 1911 1474 1942 concitantes

1090 2015 1138 2043 Ad
1156 2015 1344 2043 Benedictus.

965 2093 1070 2137 Salve,
1099 2102 1174 2126 rosa
1198 2094 1340 2133 pietatis,

1011 2141 1117 2181 Salve,
1143 2140 1201 2174 flos
1223 2141 1421 2184 Hungariae,

1058 2189 1165 2230 Salve,
1192 2188 1319 2230 fulgens
1336 2191 1528 2232 margarita.

1058 2238 1095 2271 In
1124 2238 1256 2270 caelesti
1281 2238 1360 2270 sede
1384 2239 1458 2282 sita,

963 2287 1055 2327 Roga
1078 2295 1185 2327 regem
1211 2287 1389 2319 maiestatis

1014 2335 1059 2368 Ut
1083 2344 1141 2367 nos
1166 2335 1271 2367 salvet
1293 2335 1399 2378 hodie,

963 2382 1088 2415 Lumen
1114 2382 1244 2415 mittens
1271 2384 1416 2416 caritatis

1011 2431 1062 2462 Ac
1088 2431 1235 2463 caelestis
1261 2432 1396 2473 gratiae.

1294 2487 1353 2517 17*
