1653 2567
678 111 938 148 ——181—

155 207 190 239 3.
217 206 242 239 Ο
269 207 390 239 nardus
415 205 589 251 odorifera,

266 255 383 295 Aegris
409 263 487 286 sana
514 255 712 299 corporibus,

216 301 300 342 Apis
326 301 434 334 fructu
458 301 630 343 mellifera,

267 350 375 383 Corda
398 349 542 382 mulcens
566 351 762 395 dulcoribus,

215 397 370 430 Precatus
395 397 475 430 offer
499 407 633 432 munera

266 445 394 478 Christo
419 454 479 485 pro
505 446 740 487 peccatoribus,

143 492 183 525 V.
215 492 240 525 O
268 492 361 525 vinea
386 491 566 534 fructifera,

216 540 389 573 Translata
414 550 512 581 super
536 542 678 582 aethera,

267 588 437 629 Nunquam
466 597 667 621 marcescens
692 588 779 621 flori-

545 636 615 672 bus.

310 713 359 745 In
383 712 618 746 Laudibus

364 787 561 824 Antiphonae.

159 856 192 888 1.
221 854 321 887 Sedes
346 857 462 894 parata
486 854 581 887 militi

266 902 412 935 certanti
434 910 494 942 pro
519 902 644 935 iustitia

218 950 392 991 Monstrat,
419 950 530 989 quanti
551 950 616 983 sint
639 951 745 983 meriti

265 997 348 1030 Eius
372 997 429 1038 pia
453 996 614 1038 suffragia.

160 1057 192 1089 2.
219 1054 329 1086 Turba
353 1055 517 1094 languens,
551 1063 631 1094 quae
655 1053 779 1096 flagitat
836 1075 877 1108 A.

265 1102 369 1134 Huius
395 1101 498 1134 sancti
522 1102 695 1143 praesidia,

219 1149 339 1182 Curata
363 1150 432 1181 Deo
457 1148 573 1181 iubilat

266 1198 371 1229 Tanta
395 1197 530 1229 laudans
556 1197 726 1238 magnalia.

159 1256 190 1288 3.
219 1253 338 1286 Gentes
364 1254 398 1286 iu
423 1256 511 1285 terra
537 1254 648 1295 dirigit

267 1302 330 1334 Per
354 1302 421 1334 vias
448 1304 552 1333 rectas
578 1302 738 1342 gradiens,

216 1349 349 1383 Manum
377 1349 504 1381 cadenti
529 1349 666 1390 porrigit

267 1397 380 1429 Plures
406 1405 536 1429 aversos
560 1399 733 1437 corrigens

159 1456 193 1488 4.
218 1453 338 1486 Fontes
362 1454 436 1485 novi
462 1454 641 1486 scaturiunt

265 1501 383 1534 Sancto
410 1501 522 1533 dantes
547 1501 744 1542 obsequium,

219 1549 327 1581 Pisces
354 1558 455 1589 aquae
480 1549 672 1581 conveniunt

265 1596 318 1629 Ad
346 1596 497 1636 martyris
522 1596 701 1636 imperium.

850 211 880 243 5.
905 209 991 242 Laus
1017 209 1083 240 eius
1108 209 1141 241 in
1167 207 1301 241 ecclesia

957 257 1035 290 Post
1057 258 1191 289 mortem
1215 256 1298 288 iuste
1325 256 1449 295 colitur,

905 305 966 345 Qui
992 304 1127 344 diligens
1152 303 1284 336 humilia

956 353 1060 384 Vento
1084 352 1189 385 laudis
1212 359 1274 384 non
1293 348 1463 392 frangitur.

1024 436 1070 464 Ad
1096 436 1280 464 Benedictus.

838 496 878 529 A.
911 495 935 527 O
962 494 1059 526 turris
1086 493 1293 535 fortitudinis,

958 541 1105 574 Candens
1131 545 1224 574 nocte
1241 541 1465 583 carbunculus,

911 588 1035 622 Corona
1059 589 1319 629 pulchritudinis,

957 636 1060 669 Parae
1084 646 1213 669 murrae
1238 636 1421 679 fasciculus,

912 684 1065 717 Columna
1088 684 1303 727 rectitudinis,

957 731 1069 765 Caecis
1095 735 1128 763 et
1152 732 1276 764 claudis
1298 733 1442 774 baculus,

910 779 1028 812 Noster
1053 779 1094 811 ad
1121 780 1229 811 sedem
1255 780 1383 811 luminis

957 827 1126 859 Promotor
1151 830 1218 859 esto
1246 827 1387 860 sedulus.

975 930 1022 962 In
1048 932 1078 964 2.
1107 931 1328 971 Vesperis.

1028 1014 1072 1043 Ad
1093 1015 1273 1051 Magnificat.

908 1074 1000 1113 Vale,
1024 1072 1123 1105 robur
1149 1073 1314 1114 debilium,

952 1120 1151 1153 Monstratus
1177 1121 1217 1152 ab
1243 1122 1378 1163 avicula,

909 1168 1097 1201 Consolator
1120 1167 1284 1213 flebilium,

953 1216 1107 1249 Puritatis
1133 1216 1268 1257 ovicula,

906 1264 953 1296 Te
976 1265 1117 1305 pugilem
1141 1264 1309 1296 mirificum

954 1311 1024 1343 Tua
1049 1312 1160 1344 laudat
1184 1312 1355 1352 plebicula,

907 1358 1032 1391 Numen
1056 1360 1140 1400 petit
1162 1358 1336 1392 salvificum

956 1408 1021 1440 Sua
1050 1406 1171 1440 defiens
1195 1408 1350 1449 pericula,

909 1454 1009 1494 Quam
1034 1462 1093 1495 per
1117 1459 1205 1486 tuum
1231 1455 1383 1487 auxilium

957 1502 1051 1535 Vitae
1074 1502 1209 1535 subacta
1233 1503 1352 1535 nebula

910 1549 1031 1582 Tractu
1058 1550 1154 1583 ducat
1178 1551 1219 1582 ad
1244 1549 1345 1582 filium

957 1599 1056 1630 Pater
1081 1598 1191 1630 vivens
1216 1599 1248 1630 in
1274 1599 1411 1632 saecula,

221 1653 306 1680 Brev.
328 1651 526 1688 Strengnense
553 1653 623 1689 imp.
644 1652 784 1681 Holmiae
805 1651 888 1682 1495.
913 1668 951 1673 —
980 1653 1023 1681 Zu
1049 1654 1159 1682 diesem
1181 1654 1315 1682 Officium
1339 1655 1469 1690 gehtiren

145 1691 193 1719 die
206 1690 359 1726 Hymnen:
379 1690 416 1719 In
439 1689 463 1718 1.
477 1690 580 1728 Vesp.:
604 1691 713 1726 Gaude,
736 1692 870 1720 caelestis
886 1692 989 1720 civitas
1003 1691 1184 1729 (Klemming
1195 1693 1219 1728 I,
1235 1690 1294 1727 50);
1317 1693 1353 1721 ad
1369 1694 1468 1721 Noae:

145 1730 229 1758 Haec
255 1732 300 1757 est
325 1729 402 1763 dies,
433 1737 520 1765 quam
540 1730 685 1758 Dominus
707 1730 886 1767 (Klemming
905 1730 935 1764 Ι,
962 1727 1022 1765 52);
1051 1732 1083 1759 in
1104 1731 1204 1758 Laud:
1226 1731 1346 1759 Botuidi
1366 1731 1468 1759 laudes

145 1768 243 1796 colere
268 1767 448 1803 (Klemming
472 1767 502 1801 Ι,
532 1766 587 1803 58).
628 1768 782 1797 Verfasser
808 1768 962 1796 derselben
988 1770 1044 1796 wie
1069 1768 1120 1796 des
1151 1768 1298 1797 Officiums
1328 1770 1369 1797 ist
1393 1770 1470 1797 nach

144 1806 314 1844 Klemming
327 1806 346 1833 1.
363 1815 386 1833 c.
402 1804 438 1833 59
459 1807 636 1843 Birgerus
657 1806 841 1843 Gregorii,
862 1806 1041 1834 Erzbischof
1050 1815 1108 1835 von
1122 1808 1236 1845 Upsala
1248 1805 1468 1843 (1366—1383).

144 1845 232 1873 Danu
268 1846 310 1872 ist
337 1844 470 1873 derselbe
497 1845 572 1873 auch
596 1844 719 1873 Dichter
745 1845 797 1873 der
816 1845 969 1882 Sequenz:
998 1846 1082 1874 Caeli
1108 1847 1213 1874 chorus
1240 1848 1298 1874 estc
1328 1847 1468 1882 gaudens.

145 1883 257 1911 Woher
287 1883 457 1920 Klemming
486 1884 568 1912 seine
596 1884 720 1920 Angabe
750 1892 937 1920 genommen,
972 1886 1168 1921 verschweigt
1195 1894 1225 1913 er
1254 1884 1355 1913 leider.
1401 1885 1470 1913 Die-

145 1922 228 1950 selbe
254 1923 295 1950 ist
320 1922 406 1955 aber,
435 1930 510 1959 ganz
536 1922 703 1958 abgesehen
728 1931 788 1950 von
815 1922 866 1950 der
893 1922 1043 1951 Autoritat
1067 1922 1185 1957 dessen,
1213 1923 1264 1951 der
1293 1925 1337 1951 sie
1362 1923 1470 1958 macht,

144 1961 213 1988 sehr
240 1960 459 1997 glaubwfirdig;
490 1960 567 1988 denn
594 1962 648 1988 wir
673 1960 781 1989 fanden
803 1962 907 1997 Birger
928 1961 1037 1989 bei-aits
1058 1961 1103 1990 als
1123 1961 1246 1990 Dichter
1267 1962 1348 1990 eines
1368 1963 1467 1990 Reim-

145 1999 288 2027 officiums
321 2000 375 2026 auf
395 1999 532 2036 Biz-gitta.
577 1999 651 2027 Dies
680 1999 815 2028 Officium
841 1999 963 2027 Botuidi
995 2000 1071 2036 folgt
1096 2000 1230 2029 iiberdies
1260 2001 1315 2027 mit
1341 2001 1471 2036 einzigcr

144 2038 315 2066 Ausnahme
342 2037 393 2065 der
413 2037 745 2074 Laudes-Antiphonem
772 2037 865 2073 vollig
890 2038 955 2065 dem
977 2037 1102 2066 Schema
1127 2039 1178 2067 der
1197 2039 1334 2067 Historia
1363 2047 1386 2066 s.
1407 2039 1471 2067 Bir-

142 2078 244 2112 gittae.
278 2077 313 2104 In
334 2076 399 2104 dem
420 2077 606 2104 Breviarium
621 2076 821 2113 Strengnense
841 2076 920 2104 steht
932 2077 1081 2105 natfirlich
1096 2078 1162 2106 eine
1175 2077 1393 2113 Autorangabe,
1415 2079 1471 2106 wie

146 2115 195 2143 ich
217 2116 317 2151 eigens
338 2114 531 2149 hervorhebe,
552 2114 643 2143 nicht.

602 2189 648 2221 63.
678 2189 723 2221 De
743 2189 855 2221 sancta
874 2189 1020 2221 Breowa.

280 2251 298 2283 Ι
306 2260 327 2283 n
355 2250 387 2285 1.
413 2249 445 2282 N
454 2259 471 2282 o
483 2258 500 2281 c
509 2253 524 2282 t
532 2260 553 2283 u
562 2259 579 2283 r
587 2260 609 2283 n
618 2259 647 2284 ο.
911 2250 1072 2283 Imbutum
1095 2250 1245 2291 spiritum

373 2307 570 2344 Antiphonae.
958 2299 1111 2332 Breowae
1138 2298 1308 2331 dulcedine
1332 2298 1421 2340 legis,

159 2357 192 2390 1.
217 2356 272 2390 Ad
299 2357 405 2390 caelos
431 2356 520 2390 vexit
851 2357 885 2390 2.
910 2355 1076 2388 Enarrant
1098 2355 1179 2389 caeli

265 2406 320 2446 pia
344 2404 583 2446 magnificentia
607 2404 692 2447 regis
958 2404 1087 2436 Domini
1114 2403 1275 2446 magnalia
1301 2405 1388 2446 celsi,
