1653 2567
742 121 980 157 -71-

272 212 418 253 Fugatur
441 214 661 257 opprobrium,

272 259 459 293 Cumulatur
483 262 634 303 gaudium

317 307 413 340 Risus
439 307 671 350 frequentatur.

231 379 238 386 .
269 355 294 388 O
321 358 413 396 grata
436 358 602 397 sterilitaS,

270 403 369 442 Quam
394 403 548 438 fecundat
572 409 603 437 et
629 407 786 440 secundat

269 452 392 484 Tantae
417 453 518 492 prolis
548 453 699 494 dignitas

233 551 240 559 .
268 528 395 561 Vovent
419 529 493 570 ipsi,
520 529 548 562 si
573 530 704 563 daretur

316 575 509 617 Nuptiarum
535 578 721 624 praemium,

266 624 376 664 Ipsum
400 625 529 666 quidem
554 625 722 659 offerretur

311 673 350 705 In
372 672 434 705 Dei
458 673 638 707 servitium.

212 718 232 745 '-
267 720 337 752 Hoc
362 721 466 753 tribus
490 721 665 755 sollemniis

265 768 429 807 Quaerunt
452 768 620 802 sacrificiis

264 815 310 847 Et
332 816 396 855 piis
422 815 547 850 officiis.

229 916 237 923 .
266 891 290 924 O
318 891 396 925 felix
425 894 658 936 commercium,

264 939 289 972 O
317 940 443 973 caelebs
470 942 649 982 coniugium

309 988 453 1021 Ioachim
479 991 511 1020 et
533 989 658 1030 Annae,

263 1035 323 1074 Qui·
356 1035 396 1067 de
420 1036 523 1076 stirpe
547 1038 636 1078 regia

262 1082 381 1115 Natam
405 1085 534 1124 plenam
559 1086 663 1125 gratia

311 1131 462 1171 Gignunt,
489 1141 597 1165 arcam
620 1142 773 1174 mannae,

218 1205 227 1213 .
258 1179 384 1211 Felices
411 1178 445 1211 hi
470 1180 589 1220 gemini

259 1227 329 1259 Deo
356 1227 433 1267 cari,
460 1227 578 1260 mundo
606 1229 694 1268 clari,

260 1273 350 1306 Nulli
377 1275 444 1307 dati
471 1274 606 1309 crimini.

348 1438 395 1470 In
423 1438 651 1473 Laudibus,

373 1522 468 1559 Super
487 1523 632 1552 Psalmos.

219 1626 226 1633 .
258 1601 384 1632 Annam
408 1608 534 1633 sacram
556 1602 660 1634 induit

304 1648 460 1680 Dominus
487 1649 612 1692 decore,

257 1695 391 1737 Semper
421 1697 503 1729 enim
529 1697 628 1729 viruit

302 1744 341 1776 In
367 1745 434 1776 eius
460 1753 578 1779 amore.

366 1879 412 1909 Ad.
432 1880 620 1908 Benedictus.

214 1983 220 1990 .
252 1958 291 1990 In
319 1958 412 1990 domo
439 1959 593 1991 ecclesiae

253 2004 308 2037 Sol
333 2004 464 2038 refulsit
489 2007 613 2048 gratiae

298 2053 387 2086 Luce
412 2055 551 2099 radiosa,

300 2102 396 2134 Anna
419 2103 571 2144 gratiosa,

961 221 1044 262 Iesu,
1074 221 1162 254 cuius
1187 222 1307 255 inclitis

959 268 1114 301 Precibus
1141 271 1173 301 et
1196 270 1319 303 meritis

1007 318 1074 350 Nos
1101 325 1138 348 ex
1165 318 1230 350 alto
1258 319 1362 358 visita,

1007 364 1130 397 Cuncta
1156 365 1265 398 delens
1292 367 1411 401 debita.

1074 460 1099 491 P
1110 469 1129 492 e
1136 471 1153 493 r
1174 461 1209 492 H
1219 471 1238 493 o
1246 472 1264 494 r
1273 471 1293 494 a
1300 472 1326 495 S.

1099 517 1146 544 Ad
1164 516 1305 546 Primam.

884 564 925 597 A.
955 564 1125 597 obstruxit
1147 565 1236 599 Deus
1262 568 1401 600 omnium

957 613 999 646 Os
1024 614 1167 646 Ioachim
1194 615 1367 648 dicentium

954 660 1132 694 Maledicte

1002 709 1082 750 legis
1108 710 1291 743 obnoxium.

1098 775 1144 804 Ad
1162 777 1303 805 Tertiam.

881 824 921 856 A.
953 824 1068 857 Israeli
1095 826 1244 858 convenit

999 872 1068 905 Deo
1094 872 1296 913 benedicere,

952 920 1012 959 Qui
1038 921 1078 953 de
1101 921 1174 960 ipso
1199 922 1301 954 voluit

998 968 1139 1000 Matrem
1163 969 1226 1000 sibi
1251 978 1387 1002 sumere.

1096 1035 1141 1062 Ad
1162 1034 1292 1063 Sextam.

878 1084 919 1118 A.
952 1083 1063 1123 Vobis,
1090 1084 1168 1117 Sion
1191 1083 1289 1121 filiae,

949 1130 1089 1171 Magnae
1113 1134 1186 1164 sunt
1210 1132 1354 1165 laetitiae

996 1178 1059 1210 Dei
1083 1188 1143 1218 pro
1168 1179 1308 1220 hospitio

997 1226 1196 1266 Praeparato
1219 1226 1297 1259 filio.

1101 1303 1148 1330 Ad
1166 1303 1294 1331 Nonam.

874 1351 915 1383 A.
947 1351 1126 1384 Miserendi
1149 1353 1297 1392 patribus

994 1399 1135 1439 Tempus
1160 1400 1367 1445 adventabat,

946 1447 1085 1480 Mariam
1117 1457 1187 1480 cum
1213 1448 1343 1489 angelus

993 1495 1171 1528 Venturam
1193 1497 1405 1537 monstrabat,

946 1544 1034 1583 Quae
1059 1552 1129 1576 cum
1153 1547 1257 1576 matre
1282 1554 1339 1584 pos
1326 1545 1432 1589 otulet,

945 1592 993 1626 Ut
1016 1600 1074 1624 nos
1099 1592 1153 1632 pie
1178 1592 1285 1624 visitet

993 1639 1106 1672 Oriens
1130 1649 1169 1672 ex
1194 1640 1270 1674 alto.

1013 1736 1058 1768 In
1085 1738 1116 1768 2.
1143 1737 1366 1776 vesperis,

1062 1802 1108 1830 Ad
1130 1802 1311 1839 Magnificat.

873 1862 913 1897 A.
945 1861 1110 1895 Abraham
1140 1862 1174 1894 in
1198 1863 1319 1893 semine

942 1910 1111 1953 pepigisti,
1138 1910 1287 1948 Domine,

992 1958 1060 1991 Nos
1085 1967 1194 1990 omnes
1220 1959 1367 2000 salvar03

943 2008 1059 2039 Annue
1085 2015 1159 2047 ergo
1184 2005 1346 2049 precibus,

944 2055 991 2089 Ut
1014 2055 1130 2087 iurasti
1155 2054 1315 2095 patribus,

993 2103 1105 2136 Nostri
1130 2103 1293 2134 miserere.

256 2197 343 2225 Br.ev
370 2206 422 2225 ms.
452 2197 543 2235 Oamp
546 2198 682 2227 oliliense
709 2206 784 2227 saec.
813 2196 857 2226 15.
895 2197 963 2226 Cod.
995 2197 1200 2234 Campolilien.
1220 2195 1248 2224 4.
1269 2198 1303 2225 A.
1332 2213 1370 2217 —
1394 2198 1501 2227 Dim-n

177 2245 231 2264 ms.
246 2234 444 2265 Cisteiciense
465 2245 540 2265 saec.
564 2235 608 2265 15.
643 2237 967 2273 Godfflueumtamgen.
988 2234 1084 2264 80.13.
1106 2251 1144 2254 -
1162 2237 1205 2264 In
1226 2234 1252 2262 1.
1269 2236 1369 2264 Noct.
1392 2235 1414 2263 A
1435 2236 1462 2271 2,
1484 2235 1503 2265 2

176 2274 414 2303 'sabernaculum
436 2284 521 2304 suum
534 2277 568 2304 A.
589 2291 622 2295 —
646 2276 668 2303 A
690 2274 715 2310 2,
736 2274 756 2304 4
777 2276 919 2311 populum
934 2283 1019 2303 snum
1032 2276 1067 2303 A.
1084 2289 1119 2293 —
1141 2273 1164 2300 A
1186 2272 1250 2307 6,1
1273 2274 1297 2301 Ο
1313 2276 1401 2304 beata
1414 2259 1503 2305 An⁷na

176 2313 211 2341 A.
232 2327 269 2333 -—
298 2311 318 2339 R
343 2311 408 2346 1,1
430 2315 538 2345 mundo
559 2315 634 2343 fehlt
652 2314 688 2343 A.
718 2330 754 2334 —
784 2312 804 2340 R
826 2312 852 2348 2,
877 2312 894 2341 5
917 2315 1024 2342 merita
1043 2315 1193 2350 praestent
1212 2312 1247 2340 A.
1268 2328 1306 2333 —-
1328 2312 1349 2341 R
1371 2313 1404 2349 2,
1427 2315 1443 2344 6
1463 2316 1503 2343 Et

178 2352 283 2380 salutis
309 2352 408 2380 fehlen
427 2354 461 2381 A.
490 2369 526 2373 —
549 2351 569 2381 R
599 2351 629 2388 3,
651 2352 669 2383 3
690 2354 782 2390 Virgo
804 2355 884 2388 pazis
905 2353 937 2380 A.
972 2372 1005 2375 --
1034 2350 1095 2380 R.)
1078 2350 1094 2365 '³
1098 2350 1145 2385 ,4
1167 2353 1256 2389 Legis
1277 2354 1373 2389 ymbit
1392 2355 1501 2384 ritihus

176 2391 211 2419 A.
227 2405 258 2409 —-
283 2388 303 2417 Β
319 2389 345 2425 3,
361 2388 379 2418 5
393 2392 526 2421 Ioachim
540 2393 614 2421 haec
629 2393 721 2421 estA.
734 2406 770 2411 —
786 2389 806 2417 R
822 2390 849 2427 4,
865 2389 881 2420 6
897 2391 955 2419 Sed
969 2392 1081 2419 ventris
1082 2365 1238 2419 Jfructuse’s
1225 2394 1272 2420 sni
1285 2393 1402 2422 steiiles
1416 2394 1450 2422 A.
1464 2409 1501 2414 ——

144 2426 215 2457 ‘In
243 2426 270 2457 2.
292 2430 394 2458 Noct.
424 2430 447 2459 Α
476 2429 510 2466 3,
533 2431 549 2459 1
569 2431 770 2460 ExtendetA.
798 2445 836 2449 —
865 2428 887 2458 A
908 2429 941 2464 4,
962 2429 981 2459 4
1001 2430 1047 2458 Ad
1067 2439 1099 2458 se
1119 2430 1295 2460 cedebatA.
1322 2448 1359 2453 —
1390 2435 1413 2460 Α
1434 2431 1461 2468 5⁷
1486 2432 1502 2462 1
