1653 2567
739 119 996 154 —128—

660 221 710 252 45.
739 221 783 252 De
802 221 912 252 sancta
930 220 1079 252 Barbara.

355 301 399 333 In
427 302 458 336 1.
485 302 698 342 Vesperis.

428 386 622 422 Antiphonae.

226 453 255 486 1.
284 454 307 486 O
334 457 457 494 martyr
483 457 602 494 sancta,

330 510 414 533 nunc
438 510 542 541 prece,
568 501 637 533 Deo
663 501 794 540 sociata,

282 548 331 580 Sis
357 557 477 580 memor
501 549 554 580 hic
578 549 689 588 nostri,

328 596 458 627 devotos
484 605 561 635 quos
586 596 645 627 tibi
669 595 762 628 nosti.

224 663 255 693 2.
282 661 422 701 Virginis
449 662 626 693 constantia

328 708 401 739 dum
426 717 488 740 non
513 709 659 749 superari

280 755 350 786 Nec
372 765 390 787 a
417 755 481 787 fide
510 756 582 788 Iesu
607 756 723 788 Christi

325 805 432 842 potest
454 803 607 844 separari,

278 850 380 882 Iudex
405 850 487 881 hanc
509 851 665 882 sententia

325 897 414 929 iubet
439 898 600 930 decollari.

222 964 253 996 3.
278 963 362 996 Dum
386 963 513 997 beatam
538 963 710 996 Barbaram

326 1013 419 1050 pater
445 1011 643 1053 decollasset,

282 1057 324 1088 Et
348 1056 500 1089 frendens
525 1060 561 1089 ut
586 1057 741 1090 Cerberus

328 1107 462 1137 montem
491 1105 715 1144 descendisset,

282 1152 369 1192 Ignis
393 1152 481 1184 venit
505 1152 646 1194 caelitus,

282 1199 391 1238 Ipsum
417 1208 558 1231 cremans
582 1199 717 1239 penitus,

329 1254 370 1277 ne
395 1246 470 1285 quid
493 1250 683 1285 superesset,

222 1313 254 1344 4.
282 1311 408 1343 Summo
433 1312 501 1351 regi
525 1311 644 1351 gloriae

281 1359 485 1390 Modulamur
508 1358 604 1390 hodie

329 1405 457 1437 Laudes
483 1408 513 1436 et
537 1405 717 1446 praeconia.

405 1499 451 1526 Ad
471 1499 503 1526 M
505 1498 650 1535 :ig-nificat.

212 1567 251 1598 A.
284 1566 353 1598 Rex
379 1566 411 1597 in
436 1574 512 1597 cena
537 1567 683 1606 virginali

333 1613 453 1646 Sedens
479 1617 572 1645 vocat
595 1614 786 1647 Barbaram:

287 1660 397 1692 Laude
422 1661 517 1700 plena
542 1661 726 1700 triumphali

335 1707 468 1750 Sponsa,
494 1708 576 1747 veni,
603 1708 743 1740 lauream

285 1755 381 1787 Flore
407 1763 499 1787 rosae
522 1755 739 1795 sanguinatam

284 1803 329 1835 Et
353 1803 490 1834 candore
517 1802 696 1834 dealbatam

333 1850 452 1883 Stolam
477 1850 613 1889 primam
637 1851 764 1891 accipe,

284 1897 480 1929 Advocatam
505 1900 537 1928 te
561 1898 718 1929 caelorum

285 1945 484 1977 incessanter
508 1946 690 1985 angelorum

334 1992 509 2025 Concentus
534 1992 723 2033 magnificat.

353 2145 414 2177 Ad
438 2144 702 2177 Matutinum.

424 2230 597 2257 Invitatoriu
602 2239 638 2256 m.

285 2298 410 2337 Venite,
424 2298 592 2330 adoremus
605 2306 711 2338 regem
720 2306 840 2338 regum,

290 2346 349 2384 Qui
375 2345 488 2377 beatae
511 2345 674 2378 Barbarae

290 2393 445 2426 Coronam
470 2394 558 2426 dedit
583 2393 713 2434 gloriae.

1029 301 1073 332 In
1101 301 1131 333 1.
1159 299 1385 331 Nocturno.

1111 374 1306 410 Antiphunae.

911 443 926 474 1
933 467 940 474 .
967 442 1107 483 Virginis
1134 442 1267 474 eximiae

1012 490 1185 530 Barbarae,
1211 488 1361 528 martyris
1387 487 1499 526 almae,

965 536 1063 569 Festa
1088 537 1250 569 celebrare

1014 585 1054 616 da
1078 585 1180 624 nobis,
1208 592 1266 616 rex
1291 583 1344 622 pie
1369 581 1505 614 Christe.

907 652 938 682 2.
964 650 1054 682 Haec
1077 651 1229 682 mundum
1254 657 1408 689 spernens

905 859 935 891 3.

1012 702 1042 729 et
1065 698 1174 730 mnndi
1199 696 1315 730 florida
1340 697 1458 728 ducens

963 746 1025 778 Pro
1051 745 1161 785 nihilo,
1188 754 1297 776 veram

1010 792 1131 824 studuit
1158 800 1346 832 cognoscere
1371 791 1479 823 vitam.

964 858 1076 898 Coepit
1101 867 1207 890 amare
1231 857 1333 889 Deum

1010 908 1172 945 totumque
1212 905 1394 944 relinquere
1428 913 1517 935 mun-

1291 952 1375 991 dum,

964 1000 1090 1032 Caelica
1112 1003 1218 1031 mente
1241 1001 1353 1039 petens

1010 1049 1042 1078 et
1052 1047 1177 1080 Christo
1191 1055 1318 1086 semper
1330 1046 1518 1078 adhaerens

904 1114 936 1146 4.
963 1112 1055 1144 Hanc
1082 1113 1153 1152 pius
1178 1113 1211 1144 in
1234 1113 1398 1152 propriam

905 1322 935 1353 5.

906 1528 936 1560 6.

1011 1160 1154 1193 Christus
1167 1160 1229 1191 sibi
1238 1168 1362 1191 sumere
1369 1168 1518 1199 sponsam

962 1206 1128 1250 Dignatus,
1157 1207 1236 1239 caeli

1007 1254 1156 1293 provexit
1181 1255 1223 1286 ad
1248 1255 1378 1286 aethera
1394 1255 1516 1287 summi.

963 1319 1035 1351 Non
1061 1320 1176 1352 cedens
1202 1320 1309 1352 verbis

1010 1370 1168 1400 mactatur
1189 1368 1324 1400 verbere
1349 1368 1445 1407 mitis,

965 1414 1099 1446 Carcere
1124 1415 1291 1447 damnatur

1010 1471 1069 1493 nec
1093 1463 1181 1503 virgo
1207 1463 1254 1494 sic
1279 1465 1459 1502 superatur.

964 1528 1095 1560 Praeses
1120 1531 1156 1560 ut
1178 1529 1330 1561 invictam

1011 1576 1136 1615 penitus
1145 1576 1225 1608 vidit
1233 1576 1351 1608 Christi
1359 1585 1520 1616 sponsam,

965 1622 1010 1655 Ut
1033 1623 1082 1655 leo
1110 1624 1247 1655 crudelis

1011 1670 1097 1702 iubet
1109 1671 1193 1702 hanc
1203 1671 1387 1711 discerpere
1399 1673 1521 1712 poenis.

1101 1755 1309 1790 Responsoria.

934 1837 941 1844 .
968 1813 1049 1844 Erat
1072 1812 1200 1852 quidam
1226 1815 1372 1854 satrapas

966 1859 1102 1891 Nomine
1126 1859 1309 1902 Dioscorus,

968 1907 1025 1937 Cui
1050 1909 1119 1938 erat
1142 1905 1210 1938 filia

969 1954 1104 1986 Nomine
1128 1954 1289 1994 Barbara3

969 2002 1106 2033 Pulchra
1130 2000 1223 2043 facie,

969 2049 1033 2081 Sed
1057 2049 1221 2089 pulchrior
1245 2048 1311 2082 fide

968 2096 1049 2128 Erat
1072 2097 1217 2129 Barbara

971 2143 1090 2176 Christi
1113 2143 1189 2176 filia.

970 2202 1068 2234 Pater
1094 2201 1177 2233 dixit
1203 2200 1305 2234 filiae:

972 2249 1107 2288 Quidam
1132 2249 1231 2281 locuti
1255 2253 1329 2282 sunt
1355 2251 1395 2283 de
1420 2254 1462 2285 te,

969 2297 1016 2330 Ut
1040 2297 1223 2336 acciperent
1245 2300 1278 2329 te

972 2345 1011 2377 In
1037 2344 1198 2385 coniugio,

972 2392 1026 2425 Ad
1049 2393 1131 2426 haec
1155 2393 1322 2433 respondit
1346 2395 1456 2436 virgo:
