1653 2567
728 142 988 177 —162—

355 237 402 269 In
428 235 660 270 Laudibus.

409 312 607 347 Antiphonae.

232 393 239 401 .
264 367 316 399 Ex
344 369 425 401 dono
451 372 514 408 tuo,
541 368 685 412 Domine,

266 415 400 455 Brigida
422 415 610 448 fortitudine

313 462 453 495 Lumbos
478 472 550 495 suos
576 462 729 502 adcinxit,

264 509 407 549 ieiuniis,
431 510 604 549 laboribuS‚

265 556 439 588 Atrocibus
466 555 637 596 frigoribus

313 602 421 635 Motus
447 604 550 635 carnis
576 603 739 635 exstinxit.

232 682 238 689 .
266 658 390 698 Sponsa
415 660 533 701 gaudet
558 664 590 692 et
614 659 737 702 iubilat,

266 706 351 738 Dum
378 708 457 740 ordo
483 708 545 739 sibi
570 708 683 740 rutilat

313 754 387 787 Iesu
410 755 599 795 nativitatis,

263 802 388 834 Mariae
414 803 619 844 puerperium

261 849 306 881 Et
331 850 457 890 parvuli
482 850 684 890 praesepium

308 898 508 929 Monstratur
532 898 561 929 ci
583 898 691 938 gratis.

234 979 240 986 .
268 954 390 986 Amara
415 954 536 987 Christi
558 954 665 994 passio

264 1001 309 1033 Et
333 1010 409 1034 suae
434 1000 579 1042 fatigatio

308 1048 424 1081 Mortis
449 1050 640 1090 penuriosae

267 1095 464 1128 Revelantur
490 1106 528 1128 ex
553 1097 645 1139 serie,

268 1143 352 1175 Dum
378 1144 419 1176 ad
444 1148 582 1176 montem
610 1143 777 1177 Calvariae

311 1191 426 1223 Oraret
449 1192 629 1224 lacrimosa.

233 1275 239 1280 .
267 1248 340 1280 Iesu
365 1258 459 1289 passo
487 1249 691 1289 compatiens,

264 1295 316 1327 Ab
341 1295 516 1328 Ierusalem
542 1296 670 1327 rediens

313 1342 366 1374 Ad
390 1344 520 1375 Romam
543 1343 706 1383 remeavit,

267 1390 333 1423 Ubi
358 1395 432 1431 post
453 1390 555 1422 Deum
581 1391 701 1433 sitiens,

266 1438 420 1470 Feliciter
445 1438 647 1470 obdormiens

309 1485 363 1517 Ad
388 1486 556 1518 Dominum
582 1486 741 1526 migravit.

235 1567 241 1575 .
269 1542 348 1582 Tua,
375 1544 473 1583 Deus,
501 1543 632 1575 oracula

266 1589 425 1622 Confirma
448 1599 508 1631 per
532 1591 696 1625 miracula,

314 1637 400 1676 Quae
425 1647 563 1678 sponsae
587 1638 739 1679 tribuisti,

262 1685 381 1718 Fracta
409 1687 512 1717 carnis
535 1686 705 1726 laguncula

262 1733 402 1773 Lampas
427 1734 523 1773 lucet,
551 1743 612 1773 qua
638 1733 744 1766 facula

308 1780 426 1813 Hostes
451 1782 662 1820 perterruisti.

1069 235 1115 263 Ad
1135 235 1320 264 Benedictus.

879 294 920 330 A.
950 294 1047 334 Quasi
1071 294 1165 326 stella
1189 295 1345 327 matutina

952 342 1006 375 Sic
1031 340 1159 373 refulsit
1182 342 1215 374 vi
1241 342 1350 375 divina

999 389 1142 430 Brigida‚
1166 390 1246 421 lucis
1271 388 1348 430 filia,

952 436 1040 468 Luce
1064 438 1150 470 Deus
1175 437 1258 469 hanc
1283 439 1445 479 instruxit,

952 485 1020 524 Qua
1045 487 1188 516 errantes
1213 485 1328 518 multos
1356 486 1446 518 duxit

999 532 1053 564 Ad
1081 540 1174 564 verae
1197 532 1277 564 lucis
1302 534 1428 574 gaudia.

954 579 978 612 O
1005 579 1174 611 benedicta
1197 580 1334 625 trinitas,

954 627 1040 665 Quae
1066 636 1143 667 gyro
1170 627 1291 659 caelum
1318 629 1433 661 circuis

953 673 998 705 Et
1022 674 1256 714 prophetissam
1283 677 1395 708 statuis

1000 722 1054 754 Ad
1080 722 1164 753 latus
1189 722 1356 764 aquilonis,

953 768 1020 800 Nos
1048 769 1109 800 duc
1132 769 1166 801 in
1191 770 1280 809 pacis
1305 772 1445 814 semitaS,

952 815 1087 847 Dimitte
1110 825 1229 855 poenas
1256 817 1389 862 debitaS,

953 862 999 895 Ut
1025 864 1120 896 detur
1144 864 1235 896 nobis
1263 865 1391 898 claritas

1000 911 1087 943 Tuae
1112 910 1281 945 fruitionis.

1020 1033 1066 1065 In
1092 1035 1123 1068 2.
1153 1035 1369 1075 Vesperis.

1072 1108 1117 1135 Ad
1137 1108 1316 1145 Magnificat.

915 1190 922 1197 .
954 1165 978 1197 O
1004 1165 1148 1206 Brigida,
1175 1167 1346 1201 sublimata

1000 1214 1177 1246 Praecelsis
1199 1215 1388 1258 privilegiis,

952 1260 1001 1292 Tu
1026 1270 1046 1292 a
1069 1261 1137 1293 Deo
1163 1263 1301 1303 visitata,

1000 1308 1155 1341 Revelata
1179 1312 1348 1355 mysteriis,

953 1355 1002 1387 Tu
1026 1356 1198 1388 virtutibus
1222 1362 1345 1399 ornata,

1000 1404 1086 1443 Agni
1112 1405 1278 1436 coniuncta
1300 1407 1431 1450 nuptiis,

954 1450 1058 1491 Digne
1083 1452 1203 1491 gaudes
1227 1452 1380 1497 laureata,

1003 1498 1067 1531 Ora
1091 1508 1151 1539 pro
1175 1500 1239 1531 tuis
1265 1499 1358 1542 filiis3

954 1545 1052 1586 Deus,
1080 1547 1133 1586 qui
1158 1550 1191 1578 te
1216 1548 1383 1591 glorificat,

955 1593 1017 1625 Sed
1045 1597 1077 1625 et
1101 1594 1198 1634 signis
1223 1595 1382 1638 mirificat,

999 1641 1106 1673 Donet
1129 1642 1220 1674 nobis
1246 1644 1375 1687 salvari,

952 1689 999 1722 Ut
1022 1698 1127 1721 coram
1149 1690 1222 1730 agni
1247 1689 1330 1724 facie

953 1736 990 1768 In
1017 1738 1201 1777 angelorum
1224 1739 1293 1772 acie

1002 1784 1164 1817 Possimus
1191 1788 1347 1820 coronari.

269 1847 354 1873 Brev.
376 1855 429 1874 ms.
449 1846 674 1874 Paradisiacum
695 1855 770 1875 saec.
795 1845 838 1876 15.
879 1849 950 1878 Ood.
970 1850 1109 1877 Laurent.
1132 1850 1222 1879 Conv.
1243 1861 1307 1890 sup.
1330 1852 1395 1882 459.

641 1976 686 2008 57.
716 1976 761 2008 De
781 1979 892 2010 sancta
912 1979 1061 2020 Birgitta.

334 2057 381 2089 In
407 2059 438 2091 1.
465 2059 685 2099 Vesperis.

406 2133 602 2169 Antiphonac.

233 2206 241 2214 .
268 2181 356 2213 Rosa
380 2191 492 2213 rorans
517 2182 700 2220 bonitatem,

266 2227 366 2260 Stella
390 2229 516 2261 stillans
543 2230 731 2271 claritatem,

311 2276 458 2319 Birgitta,
486 2286 541 2309 vas
567 2277 699 2318 gratiae,

265 2322 352 2353 Rora
377 2324 454 2355 caeli
482 2325 643 2364 pietatem,

265 2368 359 2400 Stilla
380 2371 466 2403 vitae
490 2372 663 2411 puritatem

311 2417 350 2448 In
375 2418 490 2449 vallem
515 2419 673 2452 miseriae.

894 2063 926 2094 2.
955 2061 1100 2094 Christus
1121 2064 1244 2104 ductor,
1271 2064 1373 2098 dulcis
1391 2067 1512 2109 doctor,

953 2110 1000 2141 Te
1026 2111 1149 2145 dilexit,
1177 2114 1209 2143 te
1235 2112 1354 2146 direxit

999 2158 1037 2189 In
1063 2162 1168 2192 aetate
1192 2162 1313 2202 tenera,

951 2205 1063 2244 Tuque
1086 2206 1182 2247 mitis,
1211 2207 1317 2241 virens
1343 2210 1427 2252 vitis,

950 2251 1121 2284 Profecisti
1148 2257 1180 2285 et
1205 2257 1335 2288 crevisti

999 2299 1134 2332 Florens
1161 2310 1258 2342 super
1283 2304 1401 2337 sidera.

892 2376 923 2407 3.
949 2375 1092 2406 Mentem
1118 2377 1292 2420 mundanS,
1317 2378 1414 2413 fidem
1439 2380 1511 2414 fun-

1282 2427 1361 2460 dans
