1653 2567
693 153 951 187 —198—

244 251 394 291 Eripiens
419 260 476 283 nos

296 309 316 331 a
339 299 449 330 mortis
474 304 627 339 tempore.

185 385 215 415 2.
242 382 332 414 Haec
356 383 411 422 pia
435 383 605 422 generatio,

245 431 359 462 Iuncta
386 430 464 461 caeli
489 430 620 468 palatio,

246 478 283 509 In
310 485 369 517 quo
394 477 505 508 mortis
530 475 668 515 privatio

247 523 441 556 Cunctorum
467 525 513 554 est
537 522 682 554 salvatio.

190 608 222 639 3.
248 607 386 639 Multum
413 605 527 638 verber
552 607 709 638 latronum

246 654 313 686 Hos
346 655 522 685 transvexit
553 654 594 685 ad
619 661 718 692 regna
743 660 797 692 po-

568 701 680 739 lorum,

245 748 363 779 Eorum
390 747 507 780 sanctis
531 746 678 787 precibus

247 794 312 827 Nos
338 795 441 827 salvet
465 798 591 829 sanctus
616 793 781 826 Dominus.

387 935 593 971 Responsoria.

190 1011 221 1042 1.
246 1010 389 1042 Audiens
415 1010 494 1041 haec
518 1010 589 1049 pius
616 1010 679 1042 dux

246 1057 371 1096 Mezko,
398 1056 482 1097 quod
506 1055 583 1089 fidei
607 1059 662 1089 lux

246 1105 385 1137 Polleret
408 1104 442 1136 in
466 1103 515 1135 his
541 1102 704 1143 fratribus,

250 1151 315 1183 Piis
341 1151 540 1191 congaudent
563 1151 696 1190 actibus,

249 1198 334 1231 Solvi
360 1198 479 1237 cupivit
502 1207 521 1229 a
545 1198 696 1238 reatibUS‚

251 1245 291 1277 Se
306 1246 437 1285 iungens
453 1244 501 1276 his
515 1247 630 1278 sanctis
645 1246 801 1285 patribus,

179 1293 217 1325 V.
249 1292 434 1324 Grumenam
458 1292 506 1323 his
532 1293 757 1332 praesentabat

248 1340 294 1371 Et
317 1347 351 1371 se
376 1341 476 1370 totum
502 1340 751 1372 commendabat.

195 1425 227 1455 2.
250 1423 358 1455 Morte
378 1423 457 1454 licet
479 1423 656 1455 moriantur

298 1470 342 1503 Hi
368 1470 473 1502 devoti
497 1473 666 1511 martyreS,

251 1518 324 1550 Non
348 1526 367 1549 a
392 1517 518 1550 Christo
543 1520 740 1559 separantur,

298 1565 362 1598 Sed
387 1565 429 1596 ad
455 1564 575 1597 Christi
598 1573 747 1605 proceres

251 1613 475 1652 Adiunguntur
501 1612 653 1652 coronati,

253 1659 401 1692 Gaudent
425 1667 550 1699 semper
574 1660 708 1691 laureati

299 1708 387 1739 Inter
414 1706 547 1738 caelicos
572 1707 674 1746 cives3

185 1753 222 1787 V.
255 1754 323 1785 Visi
347 1756 420 1784 sunt
442 1753 540 1785 oculis

300 1801 466 1832 stultorum
494 1801 657 1840 decedere,

254 1848 317 1880 Sed
341 1856 426 1879 nunc
450 1850 579 1880 ovantes
601 1848 734 1880 rutilant

299 1894 425 1927 stellato
450 1894 565 1926 sidere.

198 1980 228 2012 3.
257 1979 364 2010 Prima
386 1979 489 2010 noctis
515 1979 624 2019 vigilia

256 2026 373 2058 Adfuit
396 2035 506 2058 manus
531 2026 670 2066 inimica,

255 2074 347 2105 More
374 2082 483 2105 canum
508 2074 680 2114 saeviebat,

256 2121 391 2154 Censum
418 2120 506 2153 ducis
531 2121 707 2161 repetebat,

182 2168 222 2200 V.
254 2168 350 2208 Quem
374 2168 540 2201 Barnabas
567 2170 765 2210 deportabat,

255 2216 314 2255 Qui
339 2214 426 2248 facta
451 2215 583 2248 fratrum
607 2217 807 2249 attrectabat.

1019 250 1064 281 ln
1090 246 1324 279 Laudibus.

1076 313 1272 349 Antiphonae.

870 364 901 396 1.
928 362 952 394 O
978 361 1066 393 Deus
1091 361 1300 401 omnipotens,

928 409 986 447 Qui
1014 409 1142 441 excedis
1168 416 1260 440 omne
1287 416 1352 448 ens,

928 456 985 495 Qui
1012 459 1097 489 solus
1123 459 1244 487 tantum
1274 464 1306 487 es
1332 457 1453 497 potens,

926 504 988 536 Per
1013 506 1046 535 te
1070 503 1212 535 salvetur
1236 505 1345 534 nostra
1370 502 1465 543 gens!

869 562 900 593 2.
926 560 951 592 O
974 560 1149 600 sapientiae

927 608 1078 648 Magnum
1102 616 1200 647 genus
1226 610 1258 637 et
1281 605 1473 647 prudentiae

927 654 1033 687 Solum
1062 654 1155 687 deum
1180 655 1326 694 adorare,

927 703 964 734 In
990 703 1160 735 adventum
1187 702 1253 733 eius
1279 702 1383 733 stare!

869 761 900 792 3.
929 758 953 790 Ο
979 758 1107 790 Adonai
1131 757 1276 797 Domine,

928 805 987 844 Qui
1011 806 1081 837 istis
1106 807 1225 838 sanctis
1250 805 1347 837 hodie

929 853 1102 886 Victoriam
1129 853 1290 885 contulisti

927 900 973 932 Et
996 901 1037 932 ad
1065 901 1169 932 caelos
1195 899 1422 934 transvexisti!

868 958 899 989 4.
926 956 950 988 O
977 956 1146 989 benedicta
1169 956 1281 997 gloria,

928 1004 967 1035 In
992 1002 1127 1035 fratrum
1152 1004 1205 1035 hic
1229 1004 1382 1035 memoria

928 1051 1011 1083 Dum
1039 1053 1168 1083 cantant
1191 1051 1388 1089 Benedicite‚

927 1098 1042 1130 Mundi
1067 1107 1198 1138 regnum
1223 1098 1350 1132 abicite.

877 1157 905 1188 5.
933 1155 1048 1186 Omnes
1072 1155 1206 1187 virtutes
1233 1155 1391 1186 caelorum

928 1201 1082 1233 Lustrent
1109 1211 1234 1243 semper
1252 1205 1393 1234 nostrum
1413 1202 1485 1234 cho-

1256 1259 1340 1288 rum,

929 1296 975 1329 Ut
999 1297 1142 1329 terrenis
1165 1296 1316 1336 mitigatis

929 1344 1076 1376 Paradisi
1099 1344 1266 1384 iungamur
1290 1345 1404 1384 pratis,

1046 1408 1092 1437 Ad
1110 1409 1296 1437 Benedictus.

861 1459 901 1492 A.
930 1457 1024 1489 More
1049 1467 1160 1489 canum
1186 1461 1262 1490 tunc
1286 1457 1468 1490 stridebant

979 1506 1074 1545 Impii
1100 1505 1273 1545 carnifices

932 1553 1016 1585 Dum
1040 1553 1096 1584 hos
1122 1551 1239 1585 fratres
1265 1552 1455 1594 repetebant

979 1600 1017 1632 In
1042 1603 1168 1640 portum
1197 1598 1370 1641 crucifices,

931 1647 1121 1687 Exemplum
1147 1648 1200 1680 hic
1222 1648 1417 1688 martyribus

933 1695 999 1727 Dat
1022 1695 1209 1728 benedictus
1234 1695 1400 1728 Dominus,

1008 1773 1054 1804 In
1081 1773 1111 1804 2.
1139 1772 1354 1813 vesperis,

1061 1836 1106 1864 Ad
1125 1835 1305 1872 Mag-nificat.

866 1886 906 1917 A.
936 1884 1108 1917 Beatorum
1131 1889 1304 1926 martyrum

987 1932 1191 1964 Celebrantes
1215 1933 1381 1964 sollemnia

939 1979 1072 2020 Perduc,
1099 1988 1157 2012 rex
1182 1980 1352 2020 caelorum,

984 2027 1037 2060 Ad
1062 2027 1179 2068 gaudia
1203 2028 1367 2068 perennia,

934 2073 979 2105 Et
1003 2083 1079 2114 quos
1104 2084 1163 2114 pro
1188 2078 1243 2108 tua

988 2131 1174 2154 veneramur
1198 2123 1310 2164 gloria,

937 2168 1039 2201 Nobis
1051 2170 1164 2202 horum
1179 2171 1265 2212 apud
1279 2174 1312 2203 te
1324 2181 1388 2204 non
1403 2171 1496 2212 desit,

986 2226 1184 2259 quaesumus,
1210 2220 1373 2254 memoria.

261 2299 394 2328 Viaticus
418 2309 470 2328 ms.
498 2299 700 2329 olomucensis
728 2309 803 2330 saec.
836 2298 880 2328 15.
921 2300 990 2330 Cod.
1013 2301 1106 2338 Capit.
1128 2302 1298 2336 Olomucen,
1320 2301 1385 2332 299.
1407 2304 1441 2332 A.
1461 2319 1497 2324 —

185 2338 267 2366 Brcv.
297 2347 350 2365 ms.
376 2337 569 2366 Olomucense
594 2347 679 2371 saec„
700 2337 743 2367 15.
785 2337 853 2367 Cod.
883 2339 977 2376 Capit.
1006 2340 1175 2368 Olomucen.
1203 2339 1268 2370 288.
1293 2342 1326 2370 B.
1355 2357 1392 2362 ——
1412 2343 1497 2371 BreV.

184 2384 236 2404 ms.
265 2375 294 2403 S.
323 2377 424 2404 Iacobi
444 2377 571 2405 Brunen.
598 2376 643 2405 25.
668 2385 744 2405 saec.
774 2375 818 2405 15.
841 2377 871 2405 G.
893 2393 929 2397 ——-
950 2378 1035 2405 Brev.
1056 2387 1108 2406 ms.
1131 2379 1160 2407 S.
1181 2380 1283 2408 Iacobi
1303 2381 1431 2409 Brunen.
1453 2379 1498 2410 30.

185 2422 260 2443 saec.
282 2412 355 2443 14l15.
377 2415 413 2442 D.
434 2431 470 2435 —
