1653 2567
710 120 974 156 —255m—

188 216 221 250 2.
248 215 356 255 Egens
382 217 490 256 egenis
515 217 655 257 largiens
869 219 911 252 V.
939 217 1072 250 Manum
1098 218 1225 248 mittens
1251 214 1292 248 ad
1318 213 1415 246 fortia

298 262 368 295 Sibi
391 264 440 295 nil
464 264 607 305 retinuit,
942 265 996 297 Sic
1019 265 1121 298 vincit
1143 262 1334 297 innocentia.

252 310 400 344 Caeleste
425 320 558 352 regnum
583 313 726 346 ambiens
884 325 915 357 3,
943 322 967 355 0
993 323 1116 361 lampas
1141 321 1294 353 ecclesiae

294 358 384 391 Haeo
397 367 551 398 praesens
565 369 658 392 omne
670 362 812 402 respuit3
988 371 1087 402 Rivos
1112 368 1249 401 fundens
1274 368 1346 406 olei,

178 406 214 439 V.
245 405 330 438 Fide
355 407 497 448 grandis,
524 416 582 448 spe
607 416 720 441 secura
942 418 1108 450 Medicina
1130 417 1262 458 gratiae,

251 453 384 486 Manum
411 455 509 486 mittit
534 456 577 487 ad
602 454 721 489 futura.
989 465 1227 498 Nutrjmentum
1249 463 1335 506 fidei,

191 512 224 544 3.
252 510 354 544 Caeco
380 514 467 552 nato,
495 512 544 543 cui
569 520 629 544 nec
653 513 747 545 sedes
943 513 1088 545 Tutelam
1114 514 1244 553 praesta
1267 511 1405 554 pavidis,

300 559 406 591 Erant
431 559 605 603 oculorum,
945 560 1090 593 Calorem
1115 561 1218 592 minus
1245 558 1380 591 fervidis

252 609 476 641 Instrumenta
496 607 579 640 lucis
607 607 705 652 dedit,
991 608 1166 648 Languidis
1191 607 1360 640 medelam.

249 654 294 687 Et
319 657 455 687 naturae
481 654 578 688 decus
604 656 690 688 redit
874 656 911 689 V.
940 656 989 689 Tu
1017 655 1075 688 Dei
1099 656 1262 696 saturitas,

301 703 366 735 Per
391 706 552 735 momenta
579 707 769 747 temporum,
992 704 1084 737 Oliva
1108 702 1287 742 fructifera,

180 751 217 783 V.
248 750 375 783 Novum
401 751 463 783 hoc
481 752 699 791 spectaculum
941 751 1036 784 Cuius
1060 752 1146 783 lueet
1169 752 1293 790 puritas

303 799 396 831 Idem
421 799 476 830 isti
501 802 592 831 vetus
620 799 739 832 Christi
992 799 1035 831 Et
1059 798 1269 840 resplendent
1292 807 1399 838 opera¹

252 848 402 880 Renovat
425 847 624 881 miraculum.

1043 915 1089 947 Iu
1115 913 1344 946 Laudibus

1087 986 1284 1024 Antiphonae.

886 1048 918 1081 1.
945 1048 1099 1080 Dominus
1122 1046 1292 1078 Elisabeth

991 1094 1097 1126 induit
1123 1095 1238 1126 decore

946 1142 1042 1175 Cuius
1067 1142 1131 1173 iam
1156 1144 1272 1181 parata
1296 1144 1345 1172 est

992 1190 1086 1221 sedes
1114 1190 1146 1221 in
1173 1189 1303 1222 honore.

886 1249 917 1280 2.
946 1246 1014 1279 Deo
1046 1256 1116 1278 cum
1141 1246 1266 1278 laetitia

311 943 362 975 In
390 944 423 976 3.
449 942 682 977 Nocturno.

401 1007 601 1044 Antiphonae.

197 1065 228 1097 1.
257 1065 326 1097 Deo
355 1066 528 1098 decantent
553 1065 668 1105 omnia,

254 1113 313 1153 Qui
339 1114 437 1145 vitam
465 1113 576 1145 reddit
599 1114 733 1146 mortuis

255 1160 427 1193 Elisabeth
453 1160 612 1201 suffragiis

250 1207 382 1249 Effugat
407 1209 585 1244 daemonia,

194 1268 226 1297 2.
255 1268 363 1299 [ustae
388 1266 445 1297 lux
470 1268 542 1298 orta
565 1265 689 1306 gratiae

254 1314 336 1346 Late
361 1323 517 1354 spargens
542 1314 668 1345 radium

253 1362 364 1394 Rectis
389 1362 487 1394 corde
511 1362 650 1394 studium

256 1409 379 1449 Ingerit
405 1409 556 1443 laetitiae.

193 1468 225 1500 3.
251 1467 340 1499 Deus
373 1467 480 1507 palam
506 1467 653 1499 omnibus

301 1514 463 1546 Revelans
489 1514 645 1546 iustitiam

257 1562 436 1595 Salutarem
464 1562 611 1603 gentibus

303 1611 370 1643 Per
394 1610 479 1642 hanc
499 1609 622 1642 infudit
647 1611 794 1651 gratiam.

382 1685 594 1722 Responsoria.

192 1734 224 1767 1.
253 1735 397 1768 Famulis
424 1743 459 1766 se
485 1734 636 1767 famulam

301 1781 379 1814 fecit
405 1783 485 1815 haec
510 1782 614 1823 beata,

253 1831 419 1871 Coquinae
444 1831 647 1872 squaloribus

300 1880 443 1920 gaudens
472 1880 645 1920 deturpata

251 1927 298 1960 Et
323 1936 379 1960 cor
404 1937 518 1968 gerens
544 1926 742 1961 indefessum

298 1975 429 2008 Debiles
457 1976 595 2009 debilior

249 2025 366 2057 Portat
391 2025 433 2057 ad
459 2033 629 2063 secessum,

180 2072 218 2106 V.
249 2072 304 2105 Sic
330 2073 444 2105 sedula
469 2073 667 2113 paupercula

251 2121 349 2153 Lavit
373 2121 464 2162 istos,
490 2121 555 2153 illis
580 2122 706 2156 stravit.

190 2180 223 2211 2.
252 2182 357 2212 Aman
382 2180 417 2211 in
442 2178 588 2219 patibulo

297 2236 368 2259 cum
394 2226 515 2260 Esther
540 2227 711 2270 appendit,

249 2275 438 2309 Holofernis
466 2276 632 2308 dexteram

297 2324 331 2355 in
359 2326 454 2365 eaput
481 2325 627 2357 extendit

248 2371 294 2404 Et
319 2381 411 2404 suum
436 2373 580 2412 periculo

297 2421 455 2460 populum
482 2419 647 2460 defendit3

994 1294 1130 1327 *serviens
1162 1294 1271 1334 puella

946 1341 1012 1374 Sub
1038 1342 1183 1382 magistri
1207 1341 1346 1373 manibus

994 1390 1131 1422 sustinet
1154 1388 1291 1429 flagella.

913 1473 920 1480 .
949 1448 1039 1480 Haec
1063 1446 1105 1479 ad
1130 1447 1230 1479 Deum
1257 1446 1368 1478 sitiens

995 1495 1041 1527 Et
1064 1503 1197 1527 currens
1220 1495 1254 1526 in
1279 1494 1335 1526 siti

948 1542 1061 1575 Carnis
1088 1542 1257 1575 desideriis

997 1591 1112 1623 didicit
1135 1590 1241 1623 reniti.

916 1673 921 1679 .
949 1647 1063 1689 Domo,
1089 1647 1185 1680 rebus
1212 1647 1286 1679 dum
1312 1646 1429 1679 ablatis

994 1696 1162 1728 Mendicat
1186 1695 1369 1735 hospitium,

947 1744 984 1777 In
1012 1744 1135 1776 camino
1159 1743 1360 1785 paupertatis

995 1792 1168 1825 Benedicit
1190 1791 1373 1825 Dominum.

913 1877 920 1884 .
947 1850 987 1884 In
1012 1850 1111 1882 tantis
1137 1849 1310 1882 virtutibus

994 1898 1149 1932 Famulae
1173 1896 1279 1930 fidelis

945 1947 1074 1980 Laudet
1096 1947 1200 1979 omnis
1223 1944 1357 1986 spiritus

997 1995 1168 2028 Dominum
1196 1994 1236 2026 de
1261 1993 1367 2026 caelis.

1067 2070 1115 2099 Ad
1134 2070 1322 2099 Benedictus.

909 2157 915 2164 .
952 2130 1058 2164 Cornu
1085 2130 1201 2163 salutis
1226 2129 1324 2162 hodie

945 2179 986 2212 In
1014 2177 1158 2210 turribus
1183 2177 1338 2209 ecelesiae

995 2226 1150 2258 Dominus
1177 2226 1289 2268 erexit,

946 2275 1013 2314 Quo
1041 2275 1081 2307 de
1106 2283 1202 2306 manu
1227 2273 1395 2306 Philistaei

946 2324 1063 2357 Castra
1090 2322 1233 2362 protexit
1257 2321 1338 2355 fidei

945 2372 995 2404 Ac
1018 2371 1052 2403 in
1076 2370 1162 2402 viam
1188 2371 1311 2410 gratiae

994 2419 1152 2452 Plurimos
1180 2418 1307 2452 direxit.
