1653 2567
668 118 832 155 ——228
883 136 926 142 -

214 223 376 257 Mentibus
399 220 532 253 infirmis

261 270 455 303 medicamen
482 266 606 299 fundite
627 265 754 306 nostris,

145 320 183 352 V.
214 318 259 352 Ut
282 326 341 358 per
364 326 421 349 vos
445 315 564 354 mundi,

260 374 317 405 per
333 373 388 396 vos
409 371 532 404 quoque
547 361 667 393 viribus
681 358 766 391 aucti

218 412 404 445 Constantes
430 410 525 442 vitam

257 467 432 491 mereamur
456 456 549 489 adire
573 462 751 493 supernam.

303 552 350 585 In
374 549 606 584 Laudibus,

355 624 550 660 Antiphonae.

157 687 188 718 1.
215 684 324 717 Gloria
349 682 491 714 sublimis

262 731 304 762 sit
317 729 441 762 Christo
458 729 589 768 lausque
604 726 763 767 perennis,

216 780 254 812 In
280 786 339 817 quo
365 777 414 808 vir
439 778 564 807 sanetus

268 824 395 857 Cosmas
420 822 501 853 nitet
525 826 556 853 et
580 820 765 859 DamianuS,

157 884 190 915 2.
214 881 259 914 Hi
282 880 415 912 Domino
440 878 557 910 teneris

260 927 375 967 gemini
396 926 545 966 placuere
569 923 626 956 sub
653 923 744 956 annis

217 974 388 1014 Fulgentes
412 972 517 1004 rutilis

266 1020 385 1052 meritis
410 1020 496 1051 velut
521 1018 629 1050 orbita
650 1018 734 1050 solis,

167 1081 197 1112 3.
224 1078 342 1111 Sanant
365 1078 519 1116 aegrotos,

267 1123 390 1164 pellunt
412 1121 619 1154 medicamine
635 1121 772 1160 morbos,

223 1172 342 1204 Lumen
370 1171 447 1202 dant
471 1169 582 1212 caeeis,

271 1219 457 1250 succurrunt
481 1216 632 1249 daemone
658 1213 760 1248 fessis.

165 1278 195 1308 4.
222 1275 351 1308 Illorum
375 1273 496 1304 meritis

268 1322 372 1359 homo,
408 1328 498 1358 quem
525 1319 694 1357 deceperat
716 1328 772 1350 an-

224 1414 280 1447 Fit
304 1422 375 1446 mox
399 1375 620 1452 incommigsuffi,

270 1461 387 1501 gaudet
408 1460 498 1500 plebs
523 1460 598 1492 inde
621 1459 736 1492 fidelis.

836 216 868 248 5.
894 213 1021 246 Laudes
1046 213 1228 244 sanctorum

939 268 1123 301 pangamus,
1152 257 1288 295 Christe,
1315 258 1450 293 tuorum,

893 308 957 342 Pro
983 316 1113 347 quorum
1140 304 1289 347 precibus

940 355 1080 388 surrexit
1107 354 1146 385 de
1170 361 1248 384 nece
1274 349 1410 382 functus.

1012 438 1057 464 Ad
1079 435 1262 464 Benedictus.

856 531 863 539 .
895 507 1010 539 Inclite
1035 504 1158 544 cosma,
1186 503 1266 541 vale,

942 553 1102 591 salveque,
1128 558 1218 582 sacer
1243 548 1410 591 Damiane,

894 601 930 633 In
957 598 1070 640 quibus
1097 598 1211 630 enituit

940 648 1053 679 laurea
1076 645 1233 687 martyrii,

893 694 1013 727 Sumite
1036 695 1227 732 nostrarum,

939 740 1087 781 petimus,
1113 737 1300 772 iubilamina
1324 738 1453 770 laudum

892 789 937 822 Et
960 787 1051 821 nobis
1076 788 1231 820 medicam

942 835 1025 868 ferte
1049 835 1160 868 salutis
1186 843 1290 874 opem.

968 979 1012 1009 ln
1038 978 1070 1009 2.
1099 975 1317 1014 Vesperis

1018 1061 1064 1088 Aa
1082 1059 1262 1096 Magnificat.

862 1154 869 1161 .
899 1130 965 1161 Iam
990 1137 1081 1160 sacer
1105 1127 1254 1159 aetherea

948 1175 1077 1208 Cosmas
1102 1173 1240 1214 refulget
1262 1173 1296 1205 in
1322 1173 1396 1205 aula

900 1222 1074 1255 Exsultans
1098 1221 1233 1253 Domino

951 1278 1019 1301 cum
1045 1268 1146 1301 fratre
1170 1277 1226 1300 suo
1253 1268 1421 1310 Damiano,

901 1316 988 1349 Hine
1014 1324 1137 1357 quoque
1163 1316 1362 1348 dulcimodas

946 1364 1073 1396 illorum
1098 1363 1263 1402 psallimus
1288 1364 1376 1405 odaS,

902 1411 952 1444 De
977 1420 1109 1451 quorum
1133 1411 1254 1442 meritis

948 1461 1054 1490 terrae
1079 1458 1279 1499 congaudeat
1302 1456 1397 1490 orbis.

227 1538 311 1565 Brev.
336 1544 389 1563 ms.
415 1535 605 1563 Gebennense
629 1543 703 1562 saec.
732 1533 774 1562 15.
815 1534 886 1562 Cod.
913 1534 1039 1562 Parisin.
1064 1531 1145 1562 1318.
1172 1533 1206 1560 A.
1231 1548 1270 1553 -κ
1295 1533 1380 1561 BreV.
1407 1540 1461 1560 ms.

153 1574 204 1603 SS.
226 1574 350 1603 Cosmae
369 1576 398 1600 et
415 1572 555 1600 Damiani
574 1581 665 1609 prope
683 1573 816 1601 Turones
839 1580 915 1600 saee.
938 1570 982 1600 15.
1024 1570 1096 1599 Cod.
1114 1572 1262 1599 Tui-enen.
1285 1569 1350 1598 152.
1370 1571 1404 1598 Β.
1426 1585 1460 1590 -

151 1613 235 1640 Brev.
264 1612 455 1639 sistaricense
481 1613 549 1646 imp.
571 1610 705 1639 Sistarici
732 1608 813 1638 1513.
843 1610 874 1638 C.
901 1626 939 1630 —-
969 1611 1013 1638 In
1041 1609 1065 1637 1.
1092 1609 1196 1645 Vesp.
1224 1609 1318 1644 Super
1342 1609 1391 1636 Ps.
1414 1607 1462 1635 AA

154 1650 255 1679 stehen
281 1651 315 1677 in
347 1647 374 1675 2.
403 1648 492 1685 Vesp.
521 1649 555 1675 A.
584 1662 617 1667 —
646 1648 669 1675 A
695 1647 722 1682 2,
742 1646 761 1676 4
785 1650 817 1675 in
846 1656 928 1676 sacro
957 1649 991 1675 A.
1016 1662 1055 1666 —
1081 1645 1105 1675 A
1125 1646 1152 1681 5,
1175 1645 1191 1675 1
1215 1647 1338 1675 Terram
1362 1647 1397 1674 A.
1429 1661 1460 1666 —·

154 1685 176 1716 A
197 1687 222 1722 5,
243 1686 263 1714 4
282 1695 418 1724 suprema
432 1685 461 1713 O.
477 1702 513 1706 ——
533 1686 578 1713 Ad
593 1686 691 1722 Mag-n.
708 1685 739 1720 A,
753 1684 772 1713 4
786 1688 954 1714 meruerunt
966 1687 1000 1714 A.
1014 1699 1052 1704 —
1072 1685 1146 1713 Ibid.
1162 1685 1179 1713 7
1195 1685 1363 1713 Gloriamur
1376 1686 1410 1713 A.
1426 1699 1463 1704 -—

152 1727 258 1754 Iuvit.
295 1724 319 1752 1.
345 1724 505 1752 Adoremus
537 1725 712 1752 salvatorem
737 1725 776 1757 A,
808 1727 980 1752 veneranter
1006 1723 1036 1751 0.
1068 1738 1103 1744 —ae
1139 1723 1214 1751 Ibid.
1243 1722 1261 1750 2
1288 1727 1462 1751 venerantes

157 1772 253 1799 regem
273 1771 372 1799 regum
387 1763 421 1789 A.
442 1776 480 1780 —
498 1762 538 1790 In
560 1761 584 1788 1.
606 1762 649 1788 Nr
666 1764 711 1789 et.
732 1761 754 1788 A
777 1760 801 1795 1,
816 1761 836 1790 4
854 1763 1004 1797 praeeives
1026 1763 1061 1794 A,
1082 1761 1234 1798 praesules
1250 1761 1280 1790 C.
1301 1777 1339 1781 —
1362 1759 1382 1787 R
1407 1760 1432 1795 1,
1448 1761 1464 1788 7

152 1802 294 1837 Angelica
313 1808 385 1836 quos
405 1800 529 1827 laetetur
542 1800 575 1826 A.
590 1813 626 1817 —
643 1798 663 1826 Β
686 1798 710 1833 1,
726 1798 744 1827 8
763 1801 814 1827 via
833 1800 1016 1828 lucidissima
1032 1800 1065 1827 A.
1087 1815 1125 1820 -—
1143 1800 1158 1827 I
1170 1808 1189 1827 n
1209 1797 1235 1826 2.
1249 1800 1353 1828 Noet.
1369 1798 1391 1825 A
1406 1798 1432 1835 3,
1450 1798 1464 1827 1

153 1839 248 1867 Erant
265 1846 369 1874 nempe
389 1837 420 1865 C.
451 1852 481 1856 -—
512 1834 533 1862 Β
556 1836 581 1871 1,
603 1835 618 1863 1
640 1838 761 1865 artando
784 1838 815 1865 O.
838 1852 868 1856 ——
896 1838 939 1865 111
958 1835 985 1865 3.
1005 1838 1111 1866 Noet.
1137 1837 1158 1864 Α
1185 1836 1210 1871 1,
1233 1836 1248 1864 1
1271 1846 1338 1874 ergo
1362 1838 1467 1865 officiis

153 1877 187 1904 A.
217 1889 254 1895 —
278 1875 300 1902 A
324 1875 347 1908 1,
369 1873 386 1901 2
406 1875 512 1902 divinis
533 1875 628 1902 devoti
650 1875 684 1902 A.
711 1890 749 1894 —
771 1872 791 1901 R
813 1874 838 1912 2,
858 1873 875 1902 2
896 1884 931 1903 en
952 1876 1025 1903 fehlt
1044 1876 1077 1902 A.
1106 1890 1145 1894 —-
1165 1877 1189 1904 B
1209 1875 1262 1903 hat
1281 1875 1343 1904 drei
1364 1877 1467 1913 eigene

154 1914 292 1950 Eymnen
311 1922 348 1941 zu
368 1913 476 1941 diesem
495 1912 642 1949 Officium3
662 1913 721 1949 vgl.
742 1914 826 1941 Anal.
845 1913 899 1948 XI,
920 1914 973 1942 ΝΥ.
996 1911 1156 1941 ies—171.

539 2032 579 2064 81.
608 2031 652 2064 De
671 2040 710 2064 ss.
732 2033 838 2065 Gosma
860 2035 891 2064 et
913 2033 1071 2065 Damiano.

295 2114 342 2146 In
369 2113 399 2148 1.
427 2112 641 2151 Vesperis.
848 2115 879 2147 2.
906 2113 981 2146 Sola
1005 2122 1120 2146 sonans
1146 2114 1286 2155 reliquos

951 2170 1037 2194 nune
1062 2162 1171 2201 lingua
1203 2164 1343 2195 redimat
1366 2166 1456 2196 artus

907 2208 952 2241 Et
977 2209 1112 2249 populus
1138 2208 1256 2243 fratres

956 2261 1067 2289 noscat
1093 2256 1206 2289 adesse
1229 2258 1310 2297 pios

340 2187 434 2224 Super
452 2186 594 2215 Psalmos.
1461 2190 1469 2205 ³

172 2246 203 2279 1.
227 2247 328 2279 Laeta
350 2245 500 2278 salutaris

274 2293 421 2334 impetret
447 2292 541 2325 turba
565 2293 716 2337 medelaS,

228 2343 314 2382 Quae
338 2343 379 2384 te,
408 2339 529 2379 Gosma,
553 2339 653 2373 refert

276 2391 318 2431 te,
343 2387 508 2431 Damiane,
534 2391 636 2423 sonat.

855 2342 886 2375 3.
912 2341 1040 2375 Blanda
1065 2342 1252 2383 triumphali

961 2390 1148 2424 citharizent
1171 2394 1303 2434 guttura
1327 2391 1433 2432 laude,
