1653 2567
684 143 943 179 -180—

174 248 205 281 3.
231 245 321 278 Sicut
351 247 500 285 gravatus
525 243 613 276 senio

280 293 397 326 Cervus
422 292 538 325 flumen
563 291 734 327 desiderat,

230 341 284 373 Ad
310 349 407 380 aquas
434 348 491 380 pro
517 339 656 371 remedio

277 388 393 420 Tracto
419 395 538 420 veneno
563 388 725 428 properat,

231 435 386 467 Botuidus
410 435 457 466 sic
482 433 600 466 diluvio

279 482 435 521 Baptismi
456 489 490 511 se
514 482 701 520 regenerat,

163 529 202 561 V.
234 529 333 569 Syrus
358 528 505 560 Iordanis
526 526 622 559 fluvio

236 576 332 608 Lotus
359 576 501 615 repletur
526 573 641 614 gaudio

282 624 453 663 Reversus,
479 622 566 653 unde
588 622 730 653 venerat.

297 756 344 788 In
371 757 403 787 2.
427 755 658 787 Nocturno.

382 829 577 865 Antiphonae.

179 891 212 923 1.
237 889 347 920 Virtus
373 888 436 919 Dei
457 887 615 920 mirabilis

287 936 435 968 Sanctum
461 943 549 965 suum
573 933 730 972 mirificat,

241 983 299 1023 Qui
324 985 425 1014 status
451 981 710 1014 commendabilis

286 1030 453 1069 Exemplis
476 1037 511 1060 se
535 1027 704 1060 sacrificat.

183 1099 215 1130 2.
242 1096 336 1128 Scuto
362 1096 472 1127 salutis
497 1095 614 1135 tegitur

287 1143 423 1175 Divinae
447 1151 482 1174 se
506 1142 663 1174 subiciens

244 1191 418 1230 Voluntati,
441 1198 502 1230 qua
526 1190 648 1230 regitur

290 1238 389 1270 Omne
413 1237 530 1269 bonum
554 1234 734 1276 perficiens.

187 1305 218 1338 3.
244 1304 268 1336 O
293 1311 408 1335 nomen
433 1302 621 1335 admirabile

292 1350 433 1391 Botuidi,
460 1349 550 1382 bonis
574 1349 715 1381 moribus

247 1398 409 1437 Ornatum,
436 1396 519 1437 quod
544 1396 581 1428 fit
605 1395 707 1427 simile

292 1444 400 1477 Rebus
426 1443 643 1476 nobilioribus.

383 1528 591 1565 Responsoria.

194 1588 225 1621 1.
251 1587 302 1619 De
327 1587 464 1619 Sodoma
488 1585 572 1617 Loth
599 1585 705 1617 exiens

296 1636 334 1667 In
359 1637 465 1665 monte
489 1636 595 1665 servat
620 1633 766 1675 animam,

249 1681 355 1714 David
380 1681 522 1713 salvatur
546 1679 679 1721 fugiens,

296 1729 412 1767 Ioseph
439 1728 547 1760 evadit
572 1727 740 1770 dominam,

250 1775 354 1807 Iustus
382 1776 481 1806 currit
505 1774 722 1813 pertransiens

299 1823 351 1855 Ad
376 1822 487 1854 urbem
514 1821 755 1854 munitissimam
765 1833 774 1862 3

187 1871 226 1903 V.
256 1870 454 1910 Pauperibus
481 1869 675 1909 compatiens

256 1918 295 1950 In
322 1917 408 1949 caelo
434 1919 529 1957 parat
553 1915 679 1957 sapiens

302 1964 502 1997 Mansionem
524 1963 725 1996 tutissimam.

193 2041 225 2073 2.
251 2041 390 2080 Lampas
416 2041 532 2072 ardens
558 2039 729 2071 virtutibus

301 2089 350 2121 De
381 2086 470 2119 facili
495 2087 713 2129 contemnitur,

260 2136 340 2175 Quia
366 2135 477 2175 dignus
503 2133 676 2166 honoribus

302 2185 333 2216 A
358 2183 464 2214 stultis
487 2191 550 2214 non
577 2182 739 2221 diligitur3

257 2231 348 2263 Veris
373 2229 596 2262 adoratoribus

304 2279 342 2311 1n
368 2277 507 2309 tenebris
532 2278 588 2309 lux
613 2276 723 2317 oritur,

187 2326 225 2359 V.
258 2326 341 2358 Dum
366 2325 502 2365 proximi
529 2324 691 2357 laboribus

257 2374 302 2406 Et
325 2375 455 2413 inopum
480 2373 649 2413 gemitibus

305 2421 415 2461 Facto,
448 2420 532 2454 dicto
558 2419 765 2453 succurritur.

856 241 888 275 3.
914 239 1000 271 Iusto
1023 237 1085 270 Dei
1109 235 1228 269 iudicio

962 286 1144 318 Percutitur
1167 283 1285 321 inedia,

912 334 1037 367 Pravae
1064 333 1191 372 linguae
1218 329 1384 369 detractio,

963 381 1062 413 Plena
1086 387 1211 418 semper
1235 377 1368 416 invidia,

917 428 1068 462 Succedit,
1091 435 1150 467 pro
1177 424 1320 457 convicio

962 477 1069 509 Prona
1088 472 1327 514 misericordia3

876 547 883 555 .
918 524 1017 563 Quem
1041 523 1144 553 tenuit
1170 519 1317 561 defectio,

917 570 1046 610 Duplex
1072 569 1158 601 cibat
1180 566 1314 599 refectio

965 619 1106 650 Paterna.
1131 615 1210 647 dans
1236 614 1390 647 remedia.

982 760 1030 794 In
1056 761 1088 793 3.
1113 757 1347 791 Nocturno.

1063 832 1259 869 Antiphonae.

887 920 893 927 .
920 894 1008 926 Sicut
1032 900 1145 932 passer
1168 889 1317 922 nidificat,

967 942 1006 974 In
1032 942 1115 971 teoto
1140 938 1312 979 solitarius,

921 989 1064 1028 Quietem
1089 986 1151 1019 sibi
1176 984 1315 1017 fabricat

969 1035 1140 1068 Excellens
1164 1031 1340 1073 operarius,

888 1127 895 1134 .
921 1102 1047 1134 Decore
1072 1099 1248 1140 pudicitiae

970 1148 1097 1190 Martyr
1122 1147 1223 1179 almus
1250 1145 1388 1185 emicuit,

923 1196 1020 1228 Flore
1044 1196 1148 1227 nitens
1172 1192 1348 1225 munditiae

970 1243 1072 1275 Deum
1098 1241 1209 1274 videre
1234 1240 1360 1272 meruit.

893 1337 898 1344 .
927 1309 1089 1348 Completo
1117 1307 1275 1341 desiderio

974 1358 1128 1390 Coronam
1154 1358 1266 1386 tenens
1291 1360 1420 1385 auream

927 1404 1072 1436 Meretur
1095 1411 1154 1443 pro
1178 1401 1333 1442 martyrio

975 1450 1079 1491 Digne
1103 1450 1259 1483 Botuidus
1284 1448 1428 1480 alteram.

1067 1534 1278 1570 Responsoria.

898 1618 905 1626 .
932 1593 1038 1626 Draco
1063 1595 1242 1633 serpentem
1269 1591 1404 1624 suscitat

979 1641 1197 1673 Dormientem
1221 1640 1254 1671 in
1280 1639 1410 1680 gremio,

933 1688 1055 1729 Sciens,
1081 1687 1165 1727 quod
1186 1687 1292 1719 nullus
1317 1687 1442 1728 vigilat,

982 1735 1092 1768 Hostis
1118 1734 1208 1775 peior
1234 1735 1419 1775 domestico,

937 1782 1023 1814 Hinc
1047 1782 1187 1814 Sisaram
1214 1781 1288 1813 dum
1312 1781 1429 1822 latitat,

986 1829 1075 1861 Iahel
1099 1831 1193 1861 necat,
1216 1829 1275 1861 suh
1301 1829 1411 1868 pallio,

899 1903 906 1910 .
936 1876 1091 1908 Behemot,
1111 1875 1255 1908 umbram
1281 1876 1399 1919 visitat,

936 1924 1068 1956 Servum
1094 1924 1237 1956 dolosum
1255 1923 1366 1963 agitat,

984 1972 1144 2003 Intentum
1170 1970 1354 2005 homicidio.

905 2063 913 2071 .
939 2039 1001 2071 Dei
1024 2038 1134 2070 lucens
1158 2037 1297 2078 imagine

985 2086 1066 2118 Auri
1093 2086 1224 2125 dragma
1242 2086 1316 2117 dum
1333 2085 1495 2126 perditur,

941 2134 1027 2173 Opus
1054 2135 1158 2165 exstat
1181 2133 1341 2174 indagine,

988 2180 1070 2212 Tota
1099 2181 1210 2213 domus
1236 2181 1400 2223 evertitur,

941 2228 1100 2268 Sapientis
1127 2229 1271 2261 examine

989 2276 1110 2308 Tantus
1135 2276 1303 2308 thesaurus
1323 2276 1499 2316 quaeritur.

903 2349 911 2356 .
941 2324 987 2356 Ut
1011 2323 1111 2355 nubes
1138 2324 1228 2356 duxit
1253 2324 1381 2367 lumine,

939 2371 994 2405 Sic
1018 2372 1087 2404 avis
1111 2371 1221 2404 tristes
1246 2372 1389 2404 carmine

988 2419 1100 2460 Vocat,
1126 2429 1186 2460 quo
1212 2423 1337 2461 martyr
1353 2420 1501 2456 moritur.
