1653 2567
677 148 935 183 —268—

153 244 303 272 derselben
318 244 421 277 Quelle
436 244 498 272 drei
511 244 661 278 Hymnen:
683 244 720 271 In
741 242 764 270 1.
780 244 881 278 Vesp.:
903 242 1022 276 Plaude,
1043 245 1137 286 mater
1149 244 1282 277 ecclesia,
1303 244 1390 288 Noua
1403 243 1458 271 fre-

152 284 292 317 quentans
313 282 436 318 gaudia3
456 282 492 309 ad
506 282 603 309 Noct:
625 282 714 309 Lucis
729 283 843 309 creator
856 282 972 317 optime,
995 280 1054 312 Qm
1068 282 1225 309 Elisabeth
1246 290 1404 326 progenie}
1418 281 1455 309 ad

151 320 258 347 LaurL:
280 319 432 347 Elisabeth
452 321 560 356 regina,
582 328 750 355 pauperum,
772 318 907 346 Omnium
928 319 1033 346 salutis
1056 327 1141 347 vena.
1180 320 1225 347 Ist
1245 320 1297 348 das
1321 319 1456 364 Officium

149 356 223 392 (sein
247 357 375 384 sollende
401 357 607 392 Hexameter?)
631 358 663 384 in
687 356 915 384 schrecklichem
941 357 1100 392 Zustande,
1129 367 1160 386 so
1187 358 1234 386 die
1260 358 1399 394 Hymnen
1425 367 1457 385 1n

149 394 225 422 noch
244 395 305 422 viel
324 394 591 423 schrecklicherem.

598 514 645 546 94.
669 514 711 545 De
732 514 838 546 sancto
859 514 996 546 Elisaeo.

283 601 327 633 In
356 601 386 634 1.
415 602 630 641 vesperis,

148 657 186 689 R.
219 657 243 689 Ο
269 666 361 696 quam
386 657 464 690 felix
489 659 609 699 religio,

216 705 356 735 Auctore
380 704 463 737 freta
487 706 627 746 gemino!

217 751 327 782 Helias
351 753 438 790 prior
461 753 632 793 praesidet,

216 798 290 830 Post
315 798 480 831 Helisaeus
506 800 635 839 residet,

215 844 266 876 Ex
289 846 451 886 utriusque
477 847 614 879 carmine

217 892 354 923 Patrona
378 894 492 934 gaudet
518 895 649 935 virgine,

147 938 184 970 V.
213 938 305 970 Hanc
327 941 548 980 prophetatam
573 942 720 981 primitus

213 985 417 1026 Prosequitur
440 988 503 1020 iam
530 990 700 1021 comminus

217 1033 456 1066 Carmelitarum
482 1044 607 1069 cuneus,

331 1098 377 1126 Ad.
395 1099 573 1136 Magnificat.

143 1146 184 1177 A.
213 1145 332 1177 Terrae
356 1148 458 1179 sulcos

261 1192 333 1224 dum
357 1195 474 1226 rimans
499 1196 611 1235 aperit,

214 1238 307 1270 Hunc
330 1242 462 1280 pallium

260 1289 398 1319 vocantis
424 1290 537 1329 operit,

215 1332 303 1364 Tunc
327 1338 465 1366 aratrum

261 1388 329 1412 cum
353 1380 453 1413 bobus
478 1383 576 1416 abicit

211 1426 254 1457 Et
278 1427 418 1460 homines

258 1483 349 1505 arare
375 1476 493 1519 didicit,

211 1520 254 1552 Ut
278 1522 390 1554 Petrus
415 1527 488 1562 post

260 1568 383 1607 piscare
407 1571 531 1611 meruit,

212 1614 341 1652 Quando
364 1626 476 1649 navem

258 1671 325 1693 cum
351 1665 411 1695 reti
436 1666 548 1697 renuit.

273 1748 318 1779 ln
344 1748 375 1781 1.
402 1749 625 1785 Nocturno,

348 1813 541 1850 Antiphonae.

153 1859 183 1890 1.
209 1859 360 1892 Dominus
386 1863 580 1896 admirabilis

254 1908 292 1939 In
318 1911 434 1941 sanctis
460 1911 524 1942 suis
550 1912 674 1954 colitur,

207 1954 342 1992 Quorum
368 1965 534 1996 processus
558 1958 673 1991 nobilis

256 2001 333 2034 Cum
358 2003 504 2037 laudibus
529 2007 688 2040 recolitur.

149 2059 180 2091 2.
206 2058 367 2090 Enarrant
392 2062 469 2093 caeli
494 2063 626 2103 gloriam

253 2106 434 2146 Prophetici
459 2118 628 2154 sermones,

206 2152 288 2184 Nam
312 2153 386 2187 fidei
412 2159 600 2189 sententiam

252 2200 376 2241 Docent
399 2203 460 2235 Dei
484 2214 665 2244 praecones.

147 2258 177 2289 3.
204 2256 308 2297 Signis
333 2262 426 2300 atque
450 2261 611 2294 miraculis

250 2305 367 2337 Probat
391 2308 568 2349 Helisaeus,

201 2352 290 2392 Quod
317 2356 403 2395 caeli,
430 2359 534 2389 terrae
556 2359 678 2398 pariter

247 2399 400 2434 Dominus
427 2405 469 2435 sit
492 2405 589 2439 Deus.

1034 604 1241 640 Responsoria.

838 680 868 712 1.
895 680 1086 720 Magistrum
1111 682 1255 722 sequitur

943 736 1034 759 sacer
1061 729 1246 770 discipulus,

894 775 1011 806 Aranti
1036 777 1185 815 provenit

941 822 1040 862 gratis
1065 824 1254 866 manipulus,

896 870 1040 902 Fervore
1066 872 1199 903 cursitat

940 917 981 948 ad
1008 926 1133 950 currum
1157 920 1294 963 igneum,

892 964 946 996 Sic
973 969 1120 998 constans
1148 971 1313 1007 comparat

941 1012 1100 1051 duplicem
1126 1014 1284 1054 spiritum,

821 1058 856 1092 V.
887 1059 1063 1098 Amplexus
1087 1061 1220 1101 pallium

937 1106 1079 1146 aurigam
1103 1109 1241 1150 invocat,

891 1152 995 1185 Sentit
1019 1156 1203 1196 propitium,

940 1201 1066 1233 dantem
1091 1203 1284 1244 magnificat.

831 1285 862 1318 2.
888 1284 1032 1317 Dilectus
1056 1287 1192 1319 Domino

937 1335 1080 1373 reportat
1103 1335 1247 1375 pallium,

892 1379 951 1418 Qui
976 1382 1064 1412 tactu
1088 1383 1211 1422 gemino

938 1427 1078 1460 desiccat
1102 1430 1236 1470 alveum,

889 1474 927 1506 In
952 1474 1075 1514 signum
1100 1477 1221 1508 ordinis

935 1522 1075 1561 chlamys
1100 1524 1244 1556 induitur

885 1568 928 1600 Et
950 1569 1050 1600 virtus
1075 1572 1212 1604 numinis

932 1616 992 1647 hoc
1014 1617 1094 1650 miro
1120 1620 1286 1660 proditur3

817 1661 854 1695 V.
887 1662 1014 1695 Gaudet
1038 1666 1149 1706 religio

931 1714 1119 1753 patremque
1145 1715 1299 1754 sequitur,

883 1757 1041 1798 Exemplo
1066 1762 1197 1800 praevio

933 1806 1020 1837 cuius
1044 1806 1225 1843 instruitur.

827 1890 857 1922 3.
885 1889 948 1921 Hic
972 1894 1099 1924 sanctus
1125 1894 1223 1926 variis

930 1947 1005 1969 usus
1031 1942 1197 1973 sententiis

885 1983 978 2016 Nunc
1002 1988 1111 2025 perdit
1135 1988 1275 2028 perfidos

930 2041 1013 2063 nunc
1038 2036 1143 2073 parcit
1167 2037 1302 2078 miseris,

885 2079 982 2118 Quem
1007 2083 1073 2113 ursi
1098 2083 1264 2116 vindicant

930 2127 994 2159 suis
1020 2128 1144 2163 iniuriis

882 2173 951 2205 Nec
976 2175 1092 2209 victum
1117 2179 1256 2212 tolerant

930 2221 999 2254 fore
1025 2226 1192 2268 conviciis;

812 2268 850 2300 V.
882 2268 935 2301 Sic
959 2272 1141 2305 multifariis

927 2318 1028 2350 claret
1049 2319 1188 2363 indiciis,

881 2364 971 2404 Quod
996 2367 1040 2398 sit
1064 2369 1271 2404 hierarchicis

927 2412 1028 2446 fretus
1054 2416 1179 2451 officiis.
