1653 2567
279 209 339 243 Ad
365 208 632 241 Matutinum.

340 293 554 322 Invitatorium.

212 362 339 396 Summo
364 361 431 402 regi
456 369 663 401 supernorum

259 409 430 443 Iubilemus
455 409 585 448 pariter,

208 457 288 490 Eius
309 457 422 489 laudes
447 459 480 487 et.
505 458 686 487 sanctorum

259 505 435 538 Psallentes
460 502 664 535 sollemniter.

275 648 321 679 In
348 648 377 680 1.
405 645 631 678 Nocturno.

360 730 555 766 Antiphonem.

156 798 186 833 1.
212 800 251 832 In
280 801 384 831 aetate
408 798 578 830 iuventutis

262 846 370 879 Crevit
394 854 461 877 cum
487 845 645 886 Ansgario

214 894 319 926 Decus
341 901 473 933 morum,
500 893 555 925 lux
581 892 717 930 virtutis,

260 940 322 972 Dei
345 939 536 972 benedictio.

155 1000 186 1031 2.
213 997 332 1029 Factus
356 996 456 1028 frater
480 995 705 1027 monachorum

261 1046 324 1077 Per
348 1043 480 1076 virtutes
502 1041 619 1083 floruit,

214 1091 267 1124 Ad
293 1093 479 1123 conventum
503 1098 708 1129 supernorum

263 1138 305 1170 Se
327 1141 428 1170 totum
456 1137 619 1177 disposuit.

158 1197 189 1229 3.
215 1195 321 1227 Primo
348 1194 457 1235 Danis,
483 1194 612 1225 tandem
637 1193 727 1226 Sueis

262 1242 376 1273 Fidem
402 1241 519 1274 Christi
543 1240 716 1282 praedicat,

760 79 805 115 90

215 1289 284 1321 Nec
301 1287 461 1326 formidat,
477 1289 559 1328 quod
573 1287 651 1319 haec
663 1287 765 1319 saevis

264 1336 349 1368 Gens
372 1344 407 1366 se
430 1334 525 1366 factis
548 1335 701 1374 nnplicat.

354 1430 560 1466 Responsoria.

164 1495 194 1527 1.
222 1493 384 1525 Ludovico
406 1500 518 1532 preces
544 1491 649 1523 ferunt

266 1540 377 1580 Legati
406 1541 446 1572 de
470 1539 584 1571 Suecia

216 1588 261 1620 Et
287 1588 430 1620 doctores
455 1587 516 1618 sibi
541 1588 697 1626 quaerunt

264 1634 476 1667 Praedicandi
501 1635 614 1675 gratia,

147 1683 184 1714 V.
214 1683 335 1714 Doctor
360 1681 455 1720 mitis,
478 1681 540 1713 Dei
564 1681 648 1721 vitis,

270 1728 421 1762 Adfertur
446 1729 630 1768 Ansgarius.

161 1789 191 1819 2.
218 1785 346 1819 Profert
369 1785 497 1817 verbum
525 1794 586 1817 vox
612 1784 720 1817 divina

265 1833 433 1866 Radiando
457 1832 597 1872 caelitus,

222 1881 311 1920 Quod
336 1881 490 1920 procedat
514 1880 548 1912 in
577 1879 723 1912 doctrina

266 1929 311 1960 Et
336 1928 452 1960 virtute
477 1927 629 1969 spiritus3

148 1977 186 2009 V.
217 1976 420 2009 Praevenisfz'
445 1984 527 2016 eum,
553 1975 706 2014 Domine,
731 1973 769 2004 in

221 2023 488 2056 benedictionibus
514 2022 700 2055 dulcedinis.

161 2083 193 2116 3.
219 2080 403 2113 Tribulatus
430 2089 467 2112 ex
490 2079 602 2111 labore

267 2128 413 2160 Bircham
441 2128 568 2160 tandem
595 2127 710 2167 attigit,

219 2177 316 2216 Quem
342 2184 399 2207 rex
423 2175 506 2207 Bero
533 2183 603 2207 cum
627 2175 748 2206 honore

266 2223 463 2256 Reverenter
489 2223 618 2263 colligit.

149 2272 187 2304 V.
218 2271 390 2304 Decluzm'sti
415 2280 505 2314 eum,
540 2270 698 2313 Domine,
733 2270 771 2301 in

217 2320 273 2352 via
314 2322 371 2351 tua
405 2322 433 2351 et
462 2318 623 2360 iozyressus
657 2320 702 2350 est
733 2317 768 2349 in

217 2366 350 2400 veritate
373 2370 439 2411 wa,
467 2367 618 2399 Domine.

947 176 993 209 In
1029 176 1059 208 2.
1086 172 1310 205 Nocturno.

1033 248 1227 284 Antiphonae.

832 310 862 342 1.
891 309 952 342 Pro
979 308 1110 348 paganis
1137 302 1357 338 convertendis

932 355 1073 388 Fervida
1097 353 1198 385 oratio

891 403 952 436 Gor
976 401 1123 435 accendit
1147 402 1178 432 et
1204 398 1347 432 extendit

935 451 975 483 In
998 450 1161 483 doctrinae
1185 446 1300 480 studio.

857 533 863 540 .
891 508 1051 540 Monstrat
1076 514 1200 537 sursum
1223 501 1410 543 inspirando

937 554 999 587 Dei
1024 553 1187 592 revelatio,

889 602 978 642 Quod
1002 600 1157 642 procedet
1182 598 1388 639 germinando

937 649 1001 681 Sua
1024 647 1232 689 praedicatio.

856 732 863 739 .
890 707 983 739 Stans
1005 707 1038 737 in
1056 704 1175 737 Bircha
1191 712 1250 743 per
1268 702 1441 734 doctrinam

935 753 1065 785 Fideles
1091 751 1292 790 multiplicat,

891 799 992 834 Offert
1014 801 1123 840 pravis
1148 798 1338 830 medicinam

934 848 980 880 Et
1006 847 1166 880 Christum
1191 843 1382 885 magnificat.

1028 921 1235 957 Responsoria.

858 1005 865 1012 .
892 979 1077 1012 Praefectus
1103 980 1185 1018 regis
1210 978 1348 1017 inclitus,

890 1026 1013 1059 Fidelis
1033 1026 1209 1066 Erigarius,

890 1074 989 1106 Totus
1013 1075 1048 1105 in
1072 1073 1136 1105 fide
1160 1072 1267 1104 floruit

890 1121 1117 1160 Miraculisque
1144 1120 1273 1162 claruit3

820 1168 859 1202 V.
889 1168 1024 1200 Domum
1049 1176 1136 1200 suam
1161 1165 1342 1207 magnificat

889 1216 933 1249 Et
957 1215 1110 1255 templum
1135 1214 1204 1246 Deo
1236 1215 1373 1247 dedicat.

834 1274 866 1306 2.
892 1273 1035 1312 Benigne
1058 1272 1209 1303 Bireham
1234 1271 1367 1310 respicit.

937 1319 1025 1351 Dans
1051 1318 1210 1352 Simonem
1233 1317 1427 1360 pontificem,

893 1367 951 1407 Qui
976 1366 1083 1406 lapsos
1108 1365 1172 1398 fide
1196 1366 1298 1398 reficit

941 1413 1103 1446 Scandens
1128 1414 1280 1445 virtutum
1305 1413 1436 1456 apicem,

856 1486 863 1494 .
894 1460 1019 1499 Verbis,
1043 1459 1137 1493 factis
1163 1464 1195 1492 et
1220 1461 1361 1492 moribus

894 1509 960 1540 Dat
982 1507 1078 1540 fidem
1103 1507 1296 1541 infidelibus,

862 1592 868 1598 .
896 1564 989 1597 Hunc
1015 1564 1173 1596 Simonem
1199 1565 1229 1596 vi
1255 1564 1375 1604 repulit

941 1612 1117 1644 Pravorum
1141 1613 1329 1654 persecutio,

895 1660 1066 1693 Nitardum
1090 1663 1192 1691 morte
1216 1659 1345 1691 sustulit,

941 1708 979 1739 In
997 1706 1073 1739 fidei
1091 1707 1263 1749 martyri03

856 1780 863 1788 .
893 1754 1000 1786 Vitam
1027 1755 1118 1786 duxit
1141 1753 1279 1786 feliciter

895 1801 960 1834 Hic
983 1801 1138 1834 Nitardus
1162 1802 1341 1844 presbyter.

958 1898 1003 1930 In
1029 1899 1060 1931 3.
1087 1897 1319 1931 Nocturno.

1044 1963 1242 1998 Antiphonae.

864 2046 871 2053 .
898 2021 1000 2053 Danis
1024 2021 1058 2053 in
1085 2021 1219 2055 Sleswik
1243 2022 1384 2056 fabricat

948 2069 1125 2109 Ansgarius
1148 2070 1326 2113 ecclesiam,

899 2116 1012 2148 Fidem
1040 2116 1159 2150 Christi
1184 2117 1338 2151 fortificat

948 2164 1017 2196 Rex
1042 2165 1127 2197 mitis
1151 2174 1210 2205 per
1234 2166 1420 2206 potentiam.

868 2246 874 2253 .
899 2221 974 2254 Illic
1000 2221 1117 2254 diversi
1143 2220 1305 2255 confluunt

949 2269 1122 2303 Nationum
1146 2271 1259 2311 populi

896 2317 940 2349 Et
964 2318 998 2349 in
1019 2316 1084 2350 fide
1108 2317 1289 2360 proficiunt,

946 2365 1015 2397 Deo
1040 2366 1162 2398 servire
1187 2367 1300 2400 seduli.
