1653 2567
694 118 858 154 —207
916 139 955 143 —

535 208 582 240 73.
613 209 656 242 De
676 218 716 242 ss.
740 211 911 251 Chrysanto
934 212 966 243 et
985 212 1092 244 Daria.

304 279 351 310 In
381 279 411 312 1.
440 279 658 319 Vesperis.

381 352 579 389 Antiphonae.

179 411 207 443 1.
237 411 446 452 Chrysantus,

236 458 378 491 illustris
403 460 466 492 viri
490 459 587 500 filiuS,

237 506 374 538 Artibus
400 507 588 540 liberalibus

239 555 339 587 Plene
365 553 428 586 fuit
453 556 608 588 erudituS.

179 613 212 645 2.
237 612 394 644 Ardentis
418 612 538 653 ingenii

237 660 283 698 Et
307 660 429 692 tenacis
453 660 636 701 memoriae,

241 708 332 747 Quod
360 708 423 741 cito
454 708 578 748 didicit,

240 754 307 788 Diu
332 756 444 787 tenuit.

184 814 215 846 3.
243 814 280 846 In
300 813 471 845 credendis
488 814 538 846 vii·
550 813 613 846 Dei
630 813 801 845 instruitur

240 861 286 894 Et
310 864 384 901 post
409 865 531 901 septem
560 861 628 893 dies

239 910 270 941 A
296 912 444 950 suscepto
470 909 664 950 baptismate

243 957 453 990 Praedicator
480 957 694 990 constituitur.

181 1015 215 1046 4.
241 1014 365 1046 Doctus
390 1023 410 1045 a
433 1013 572 1046 Domino

242 1062 347 1094 Docet
371 1062 462 1101 alios,

242 1110 287 1142 Et
313 1109 398 1149 quod
425 1109 532 1141 hausit
556 1107 705 1150 feliciter,

240 1156 366 1190 Effudit
390 1156 541 1191 fideliter.

180 1216 212 1247 5.
238 1214 314 1247 Istis
339 1213 469 1254 proficit

243 1263 401 1295 Virtutum
430 1262 588 1306 passibuS,

242 1311 342 1351 Quam
371 1310 475 1351 patris
502 1314 533 1342 et
557 1308 616 1342 filii

244 1356 428 1391 Inflammat
452 1358 596 1398 spiritus.

365 1433 411 1460 Ad
430 1433 610 1469 Magnificat.

171 1492 212 1526 A.
243 1491 423 1531 Chrysante
448 1493 481 1522 et
504 1491 615 1531 Daria,

243 1539 313 1571 Deo
338 1547 398 1578 pro
419 1538 511 1570 nobis

244 1586 387 1619 Fundite
411 1587 607 1628 precamina,

245 1635 314 1667 Deo
340 1632 406 1665 frui
430 1634 593 1666 meruistis

245 1682 407 1716 Christum
432 1681 599 1722 imitando,

242 1731 345 1763 Deum
371 1730 465 1763 nobis
490 1730 618 1770 placate

243 1779 311 1812 Nos
337 1778 532 1813 adiuvanda

305 1874 370 1906 Ad
394 1874 665 1907 Matutinum.

382 1940 599 1969 Invitatorium.

245 1990 429 2024 Laudemus
455 1999 562 2031 regem
589 1993 777 2034 martyrum,

245 2038 341 2072 Cuius
369 2039 535 2079 aspirante
560 2039 665 2079 gratia

243 2089 307 2121 Per
333 2086 545 2126 Chrysantum

245 2137 409 2170 Conversa
434 2138 484 2166 est
509 2134 619 2168 Daria.

304 2231 350 2264 In
377 2231 407 2264 1.
435 2231 675 2264 Nocturno.

385 2307 584 2344 Antiphonae.

182 2368 213 2401 1.
239 2366 424 2399 Tenebroso
449 2367 483 2399 in
507 2367 579 2399 loco

242 2413 350 2447 Filius
376 2424 396 2446 a
419 2418 515 2455 patre
541 2413 713 2457 clauditur,

929 283 1062 314 Artatus
1089 281 1160 314 cibo
1186 282 1312 314 modico

929 331 1070 369 ignescit
1094 329 1212 361 ardore
1238 330 1366 362 caelico.

870 388 902 418 2.
927 386 1025 418 Duris
1050 385 1226 418 succedunt
1249 386 1367 428 mollia,

927 434 982 474 Ut,
1009 434 1062 473 qui
1087 433 1224 466 viriliter

929 481 1061 513 Restitit
1085 481 1264 520 tormentis,

930 528 1103 561 Enerviter

931 576 1122 608 Succumbat
1147 575 1387 608 blandimentis.

895 658 902 666 .
931 634 1058 665 Intrant
1083 632 1221 674 puellae,

929 680 977 713 Ut
999 681 1146 712 iuvenem
1174 680 1345 721 decipiant,

928 728 1096 769 Ingressas
1121 728 1201 768 ligat
1224 737 1331 771 sopor,

930 776 991 817 Ne,
1018 777 1104 818 quod
1128 776 1249 817 volunt,
1276 775 1427 809 efficiant.

1069 853 1208 887 Respons·
1220 852 1276 879 ria.

896 937 903 944 .
929 911 967 943 In
995 910 1173 950 Chrysanto
1200 913 1230 941 et
1256 909 1367 951 Daria,

931 959 1025 991 Vasis
1050 957 1308 999 praedestinatis,

931 1007 1065 1037 Aestum
1091 1005 1264 1045 exstinguit
1290 1006 1394 1037 carnis

932 1054 1042 1085 Ardor
1068 1052 1222 1085 caritatis.

893 1127 899 1134 .
930 1101 963 1132 A
988 1101 1134 1133 Domino
1168 1100 1293 1140 factum
1326 1103 1370 1133 est
1402 1100 1493 1133 istud

933 1150 963 1180 et
972 1150 1017 1180 est
1033 1147 1183 1180 mirabile
1196 1147 1233 1179 in
1246 1147 1346 1180 oculis
1358 1148 1489 1181 nostris.

900 1231 906 1238 .
937 1204 1107 1246 Chrysanti
1133 1206 1165 1235 et
1188 1204 1307 1237 Dariae

933 1254 1099 1286 Dulcescit
1123 1253 1286 1292 memoria,

935 1302 1074 1342 Quorum
1099 1303 1223 1333 mentes
1247 1301 1369 1341 pietate

932 1349 1082 1382 Condivit
1108 1348 1218 1380 divina
1242 1349 1474 1389 misericordia,

893 1423 900 1430 .
932 1398 959 1429 T
961 1396 1180 1429 ranscendunt
1196 1395 1275 1428 fines
1292 1397 1490 1437 meritorum,

934 1445 1021 1484 Quae
1044 1445 1078 1476 in
1103 1444 1212 1485 patria
1237 1448 1407 1477 servantur

932 1493 1080 1525 Praemia
1108 1494 1301 1524 sanctorum.

875 1570 905 1580 ..
934 1548 1030 1581 Casta
1056 1550 1256 1582 conversatio

932 1597 1061 1629 Iuvenis
1088 1605 1158 1628 cum
1184 1597 1307 1637 virgine

934 1644 1008 1677 Non
1032 1648 1167 1677 naturae
1191 1653 1270 1685 opus
1297 1647 1355 1688 est,

936 1693 1000 1724 Sed
1028 1693 1156 1725 divinae
1181 1693 1322 1733 gratiae3

893 1767 900 1774 .
932 1741 1045 1773 Iuveni
1070 1741 1159 1780 virgo
1185 1741 1335 1782 sociatur,

932 1788 978 1820 Et
1001 1787 1060 1821 flos
1087 1788 1247 1828 virgineus

935 1836 1009 1869 Non
1032 1836 1247 1877 periclitatur.

996 1983 1043 2015 In
1070 1984 1102 2016 2.
1130 1981 1359 2016 Nooturno.

1077 2058 1275 2092 Antiphonae.

901 2141 908 2148 .
935 2115 1021 2148 Mira
1045 2116 1106 2148 Dei
1130 2117 1275 2156 potentia

934 2163 1029 2195 Foris
1055 2173 1183 2196 somnus
1209 2168 1385 2202 amovetur,

932 2211 1045 2244 Manet
1069 2212 1167 2255 intus,

935 2259 985 2291 Ne
1009 2260 1060 2292 vir
1084 2259 1147 2293 Dei
1170 2260 1365 2301 inquinetur.

901 2342 907 2349 .
933 2317 1033 2357 Virgo
1058 2317 1160 2350 Daria

932 2366 1023 2397 Auro
1050 2370 1082 2397 et
1106 2366 1238 2406 gemmis
1267 2368 1397 2400 radians

935 2414 990 2446 Ad
1015 2414 1162 2448 iuvenem
1186 2414 1379 2460 ingreditur,
