1653 2567
713 148 968 182 —222—

263 251 340 282 Tam
366 249 489 286 festiva,
518 250 578 279 tam
603 245 741 278 iucunda

310 296 481 330 Celebrans
504 294 668 327 sollemnia

266 344 448 376 Corbiniani
472 343 573 383 patris
596 340 681 380 almi,

312 391 405 423 Cuius
430 391 471 422 ad
497 388 667 429 praeconia

265 439 465 478 Concrepant,
489 437 563 468 hinc
586 435 663 467 inde
683 433 807 475 psalmi,

309 485 386 517 Eius
412 493 469 524 per
493 483 641 522 suffragia

263 532 477 564 Emundemur
505 540 524 562 a
547 528 686 570 peccatis

264 579 411 611 Gavisuri
436 587 503 609 eum
528 577 629 608 beatis

309 627 386 658 Post
409 625 487 656 haec
510 624 702 656 transitoria.

325 758 384 790 Ad
409 757 675 789 Matutinum.

397 851 611 878 Invitatorium.

262 918 433 951 Iubilemus
456 918 524 950 Deo
554 918 717 950 beatorum

263 966 444 997 Praesulum
470 965 536 1005 regi
561 965 708 1005 glorioso,

264 1013 320 1052 Qui
344 1015 492 1044 aeternae
516 1012 635 1053 gloriae

264 1060 416 1092 Coronam
443 1060 535 1091 beato
564 1059 651 1091 dedit

266 1106 410 1138 Pontifici
436 1106 636 1140 Corbiniano.

326 1229 370 1260 In
398 1229 428 1261 1.
455 1229 686 1260 Nocturno.

407 1322 600 1357 Antiphonae.

232 1413 239 1421 .
267 1389 484 1428 Corbinianus,
512 1389 560 1420 vir
582 1389 703 1428 beatus,

265 1436 438 1475 Tamquam
478 1436 596 1476 lignum
633 1437 811 1476 transplan-

586 1486 670 1514 tatus

264 1529 359 1562 Secus
384 1528 532 1561 fluctuum
559 1528 677 1562 fluenta

310 1578 497 1609 inconvulso
523 1577 636 1609 robore

265 1624 344 1657 Viva
368 1623 526 1655 fruetuum
552 1628 711 1656 crementa

311 1671 372 1703 Suo
399 1672 486 1703 dedit
511 1674 663 1712 tempore.

229 1752 235 1758 .
264 1726 365 1767 Super
389 1731 525 1760 montem
552 1729 737 1760 constitutus

313 1775 506 1807 Praedicans
522 1779 725 1816 praeceptum
741 1776 810 1816 Dei,

265 1821 403 1853 Verbum
427 1831 523 1862 opere
548 1826 673 1854 secutus

310 1870 348 1902 In
374 1869 486 1902 timore
510 1870 609 1902 servit
634 1870 671 1901 ei.

232 1950 238 1956 .
267 1925 486 1965 Susceptorem
513 1935 603 1958 suum
628 1927 729 1959 Deum

312 1972 395 2004 Voce
422 1974 558 2005 clamans
584 1974 751 2014 invocavit,

263 2019 305 2051 Et
332 2021 372 2052 de
394 2023 499 2052 monte
524 2026 633 2053 sancto
658 2031 727 2053 eum

309 2067 503 2100 Exauditum
534 2069 698 2103 laureavit.

399 2163 607 2198 Responsoria.

230 2256 236 2262 .
261 2229 353 2261 Felix
380 2229 554 2270 Waltegiso
579 2233 672 2270 patre

261 2276 304 2308 Et
330 2277 520 2309 Corbiniana
547 2281 650 2309 matre

264 2323 323 2355 Est
349 2324 495 2356 defuncto
521 2329 613 2365 patre
636 2329 729 2358 natus

263 2371 367 2403 Patris
393 2373 517 2404 nomine
543 2376 682 2416 vocatus,

263 2418 326 2451 Sed
352 2418 455 2453 fausto
480 2424 553 2460 post
578 2421 682 2453 omine

869 383 908 417 V.

882 489 913 519 2.

938 240 1055 272 Matris
1080 240 1171 280 grato
1196 237 1322 269 nomine

940 288 1052 320 Dictus
1078 290 1127 318 est
1152 284 1373 323 Coi-binianus,

939 335 1008 367 Deo
1033 335 1157 374 plenuS‚
1184 331 1247 364 fide
1273 339 1385 369 sanus;

939 382 1009 414 Lux
1034 382 1135 414 oritur
1158 380 1271 413 eastris

987 428 1174 461 Melitoniea
1199 427 1310 467 purior
1334 425 1438 457 astris.

941 486 1130 519 Praeclarae
1151 492 1232 523 puer
1257 482 1374 515 indolis

940 534 983 566 Et
1006 532 1164 564 mentibus
1189 530 1347 563 almivolis

988 580 1115 613 Christo
1139 587 1268 610 securus
1293 576 1406 617 astitit,

940 628 1004 660 Sed
1029 625 1253 659 blandimentis
1278 624 1421 656 subdolis

940 674 1116 714 Mundique
1139 672 1263 713 pompis
1288 670 1413 703 frivolis

987 722 1037 754 Ea
1062 721 1194 752 licturus
1220 719 1355 761 abstitit,

938 770 1019 802 Nam
1045 768 1276 807 scripturarum

988 817 1097 848 studet
1119 816 1273 855 indagare
1298 821 1459 845 sacrarum

940 864 1079 905 Mystica
1105 863 1250 894 divorum

990 920 1058 942 eum
1084 910 1216 950 psalmis
1243 907 1446 948 eulogiorum.

939 969 1074 1000 Amator
1099 966 1313 1005 castimoniae,

942 1015 1093 1047 Servator
1117 1013 1339 1052 parsimoniae,

991 1061 1128 1099 Ieiuniis,
1156 1060 1284 1102 vigiliis,

988 1109 1173 1142 orationum
1199 1107 1315 1139 studiis

1038 1155 1159 1189 Creber
1183 1154 1361 1193 insistebat,

941 1203 1114 1235 Declinans
1139 1201 1355 1234 transitoriam

942 1252 1127 1289 Vanamque
1151 1248 1262 1280 mundi
1287 1249 1431 1289 gloriam,

990 1298 1094 1330 Vitam
1124 1296 1310 1335 solitariam,

991 1344 1115 1377 Saeculi
1141 1343 1305 1383 penuriam

1038 1392 1119 1423 Prae
1145 1390 1265 1422 cunctis
1292 1389 1449 1430 eligebat3

938 1439 1092 1471 Esuriens
1119 1441 1150 1469 et
1175 1438 1286 1469 sitiens
1310 1437 1464 1469 iustitiam

991 1485 1117 1526 cordis,
1141 1485 1205 1517 oris
1232 1488 1263 1516 et
1288 1485 1394 1524 operis

942 1534 1168 1572 Contemperat
1193 1531 1309 1574 officia,

990 1581 1043 1613 Sic
1067 1588 1190 1620 pauper
1209 1579 1329 1613 Christi
1345 1579 1496 1618 pauperis

941 1628 1133 1668 Assequitur
1156 1627 1298 1667 vestigia,

1037 1676 1135 1715 Quem
1160 1678 1245 1706 tolus
1270 1674 1410 1706 sitiebat.

1002 1818 1043 1849 In
1071 1818 1102 1850 2.
1128 1816 1360 1848 Nocturno.

1091 1909 1289 1945 Antiphonae.

912 2002 918 2007 .
945 1976 1164 2016 Mirificatum,
1189 1977 1405 2017 consignatum

994 2022 1110 2055 Vultus
1141 2024 1189 2055 tui
1212 2025 1333 2056 lumine

946 2070 1154 2114 Laetificasti‚
1183 2073 1318 2116 satiasti,

995 2119 1231 2160 Multiplicasti,
1259 2120 1407 2153 Domine.

947 2175 1045 2207 Mane
1070 2179 1179 2208 astans
1206 2186 1275 2208 cum
1302 2177 1404 2209 beatis

995 2223 1042 2254 Te
1067 2223 1191 2255 videbit
1212 2225 1246 2256 in
1270 2225 1424 2267 idipsum,

949 2270 1045 2302 Scuto
1072 2270 1173 2302 bonae
1199 2272 1371 2304 voluntatis

996 2318 1044 2349 Tu
1072 2319 1230 2351 coronasti
1254 2320 1370 2359 ipsum.

917 2401 923 2408 .
949 2375 1085 2407 Elevato
1112 2384 1209 2415 super
1235 2378 1338 2409 caelos

997 2422 1168 2456 Subieeisti
1194 2426 1308 2470 omnia,
