1653 2567
729 149 893 184 —203
948 170 986 175 —

237 265 244 273 .
269 241 403 275 Festina
426 243 530 285 nobis,

322 293 456 331 martyr,
483 300 672 324 succurrere
696 293 807 334 lapsis,

275 336 439 377 Propitius
465 338 606 371 lacrimis

323 384 428 418 effusis
453 383 584 418 flectere
607 388 736 422 nostris,

236 466 243 473 .
273 441 410 475 Sedibus
437 443 557 482 optatis

318 490 382 521 iam
403 493 529 530 martyr
546 494 659 531 regnat
675 492 708 523 in
725 492 832 535 astris⁷

269 536 343 569 Non
370 547 458 578 spem
487 539 543 570 dat
569 539 682 570 castris

319 585 484 619 horrenda
508 584 599 618 faece
624 587 749 621 locatis,

411 679 620 715 Responsoria.

235 772 242 779 .
270 746 519 788 Christophorus
544 749 662 782 meruit

319 795 480 828 Christum
505 800 636 835 portare
653 806 713 837 per
729 798 832 830 undas

269 843 314 875 Et
338 844 386 874 sic
413 843 555 876 deseruit

319 890 432 923 mundi
455 900 508 922 res
532 891 605 931 ipse
627 892 795 934 iucundaS,

233 963 238 969 .
270 937 411 971 Servivit
437 938 564 971 Christo

319 989 394 1026 post
415 987 495 1018 haec
520 989 553 1018 et
577 987 658 1019 vixit
683 987 715 1018 in
742 988 813 1021 isto.

237 1069 244 1076 .
272 1043 429 1084 Martyris
455 1043 586 1084 indigne

319 1091 504 1123 lacerarunt
528 1091 653 1123 viscera
677 1093 813 1135 palmae,

270 1139 357 1170 Ante
378 1142 477 1177 tuum,
505 1139 642 1179 Christe,

322 1191 526 1226 conspectum
556 1187 677 1218 corruit
701 1188 772 1227 iste,

231 1260 237 1267 .
268 1235 417 1274 Eripitur
445 1234 549 1274 magni

316 1282 443 1322 quando
470 1284 567 1322 caput
591 1290 667 1313 ense
687 1284 826 1322 tyranni.

208 1343 239 1373 ¹.
264 1339 401 1371 Munera
426 1341 517 1379 grata
541 1338 604 1370 Dei

316 1396 466 1419 concessa
491 1389 565 1420 tuae
589 1385 695 1429 faciei,

266 1435 361 1467 Nunc
384 1434 509 1466 miseris
534 1435 642 1474 pande

314 1483 416 1523 nobis,
443 1485 568 1523 martyr
594 1483 785 1523 venerande,

226 1555 233 1562 .
264 1531 318 1563 Sic
343 1534 375 1562 te
399 1531 569 1570 patronum

317 1578 451 1610 dicimus
475 1585 547 1608 esse
570 1577 698 1609 bonum.

334 1732 383 1764 In
410 1733 439 1765 3.
465 1730 697 1764 Nocturno.

414 1824 610 1861 Antiphonae.

230 1921 237 1928 .
264 1895 350 1927 Dum
376 1894 539 1928 Christum
566 1895 673 1935 coluit,

313 1943 399 1975 vitae
422 1951 543 1975 memor
569 1946 617 1974 est
642 1944 816 1984 periturae,

267 1992 408 2023 Mortem
433 2000 496 2022 non
520 1991 636 2031 timuit,

311 2048 371 2071 nec
392 2040 459 2071 vita
484 2037 545 2070 fuit
570 2039 632 2071 sibi
659 2048 763 2073 curae.

231 2124 238 2131 .
265 2097 461 2137 Sagittarum
486 2094 571 2128 furia

312 2145 426 2177 Statim
459 2142 650 2185 reflectetur,

262 2194 308 2226 Et
339 2196 453 2233 patens
478 2192 597 2224 iniuria

309 2242 410 2274 Recte
434 2240 593 2280 punietur.

230 2327 237 2334 .
265 2299 382 2332 Mortis
407 2299 441 2330 in
466 2298 602 2330 articulo

318 2348 431 2381 Caelos
456 2346 640 2386 penetravit

264 2395 401 2436 Martyr‚
429 2394 482 2434 qui
508 2393 676 2434 naufragio

315 2443 427 2476 Carnis
453 2451 514 2474 non
542 2443 672 2475 erravit.

906 307 937 339 1.

892 495 929 529 V.

889 847 927 879 V.

904 963 934 994 3.

896 1974 928 2006 3.

1102 246 1311 281 Responsoria.

966 305 1094 338 Caelum
1121 304 1297 344 suspiciens

1011 353 1052 385 de
1076 361 1208 392 corpore
1233 352 1364 391 spiritus
1388 352 1462 394 exit,

964 402 1061 440 Quem
1088 400 1142 441 pie
1166 399 1342 439 suscipiens

1012 448 1156 481 Christus
1170 456 1268 487 super
1280 450 1368 479 astra
1380 448 1514 488 revexit,

961 494 1111 527 Praemia
1133 495 1288 526 iustorum

1011 545 1103 576 modo
1150 543 1290 582 percipit
1335 542 1389 573 hic
1424 543 1520 574 meri-

1289 594 1403 623 torum.

963 657 1080 689 Vivida
1105 656 1326 695 Christophori

1010 705 1114 736 radiat
1140 704 1198 735 sub
1226 707 1357 743 pectore
1382 705 1493 745 virtus,

961 752 1043 784 Dum
1072 752 1162 784 dedit
1186 752 1312 791 ingrato

1008 800 1115 840 gladio
1140 799 1324 831 venerabile
1350 801 1476 840 collum,

960 847 1107 888 Congrua
1129 855 1215 878 mors
1240 847 1326 879 vitae

1007 904 1072 927 non
1093 894 1156 926 fuit
1178 894 1237 926 illa
1259 904 1346 929 suae.

961 962 1078 1003 Angeli
1104 960 1301 992 sollemniter

1009 1009 1082 1041 Non
1107 1011 1232 1039 cessant
1257 1009 1394 1040 clamare

960 1056 1066 1089 Unum
1091 1056 1326 1097 peraequaliter

1008 1104 1140 1135 Trinum
1168 1106 1200 1134 et
1223 1103 1357 1136 laudare

966 1151 1098 1183 Certant
1122 1153 1153 1181 et
1178 1149 1317 1183 feliciter

1009 1198 1143 1230 Sanctus
1166 1198 1349 1240 triplicare3

960 1245 1209 1286 Christophorus
1234 1246 1357 1285 pariter

1005 1293 1160 1325 assuescit
1186 1293 1231 1324 eis
1257 1302 1420 1326 resonare.

1046 1419 1062 1450 Ι
1071 1428 1093 1450 n
1118 1416 1145 1448 L
1154 1426 1174 1448 a
1185 1426 1205 1448 u
1216 1417 1285 1449 dib
1295 1427 1316 1449 u
1328 1427 1353 1450 s.

1102 1492 1298 1528 Antiphonae.

922 1577 929 1584 .
956 1552 1080 1592 Aegros
1104 1550 1271 1583 mundavit

1006 1597 1151 1639 generosi
1176 1598 1338 1638 sanguinis
1363 1600 1461 1640 unda,

957 1647 1000 1679 Et
1024 1656 1101 1687 quos
1127 1646 1273 1687 salvavit,

1006 1696 1081 1726 sunt
1103 1694 1215 1726 horum
1234 1702 1371 1734 corpora
1387 1697 1515 1731 munda.

957 1761 1073 1794 Mundi
1099 1760 1156 1793 abs
1181 1761 1324 1801 nequitia

1006 1809 1134 1842 Castum
1160 1817 1215 1840 cor
1239 1810 1391 1852 servavit,

956 1858 1072 1890 Totum
1096 1858 1127 1889 in
1156 1857 1313 1889 munditia

1004 1907 1128 1946 Corpus
1156 1904 1327 1938 decoravit.

956 1972 1101 2004 Pretiosa
1125 1971 1243 2014 sidera,

1000 2019 1138 2059 Martyr‚
1169 2019 1336 2060 adamasti,

954 2067 1066 2100 Foeda
1092 2067 1195 2099 carnis
1220 2068 1344 2100 scelera

1005 2114 1138 2155 Quando
1164 2116 1334 2155 superasti.

920 2207 928 2215 .
954 2182 1015 2214 Est
1041 2182 1219 2221 personalis

1002 2229 1146 2270 quamvis
1173 2229 1335 2263 distinctio
1363 2232 1446 2273 talis,

954 2278 1052 2320 Ecce,
1081 2280 1187 2310 tamen
1213 2287 1316 2318 prona

1004 2326 1160 2358 reddetur
1183 2326 1253 2358 laus
1278 2327 1381 2360 tribus
1407 2339 1480 2364 una.

921 2419 928 2426 .
956 2393 1020 2426 Sua
1044 2395 1168 2432 martyr
1192 2395 1320 2427 saecula

1003 2442 1109 2483 Digne
1134 2444 1363 2476 consummavit
