1653 2567
716 116 951 151 -59-

177 211 214 243 V.
246 213 326 244 Tam
353 210 474 243 clarum
499 220 598 251 genus
939 211 1060 244 Factus
1087 215 1136 243 est
1162 211 1399 244 reclinatorium

294 258 417 299 magnis
446 259 615 291 virtutibus
937 261 1079 292 Aureum
1105 259 1271 291 trinitatis.

247 306 438 339 venustavit
463 308 495 337 et.
866 307 908 340 V.
940 306 1097 346 Speciosa
1121 308 1214 347 faeta
1241 316 1272 339 es
1293 311 1322 339 et
1337 308 1448 340 smmis
1465 308 1500 339 im

296 353 416 385 sanctis
442 354 604 394 operibus.
942 354 1069 386 deliciis
1094 355 1170 387 tuis.

192 433 224 464 3.
250 432 346 463 Anna
369 428 465 462 floret
488 434 524 461 ut
548 430 651 462 lilium

296 478 334 510 In
359 479 473 510 summi
498 479 581 519 regis
608 477 706 515 curia,
1026 498 1074 530 In
1098 497 1186 529 Lau
1198 497 1325 529 dibus

248 525 412 558 Thronum
437 526 557 565 adepta
582 525 703 566 regium
1327 522 1334 528 ’

295 572 373 605 Cum
398 573 571 605 immortali
596 573 708 614 gloria,
1079 580 1276 617 Antiphouae.

248 622 337 653 luter
363 623 524 653 matronas
551 621 698 661 rutilans,

248 669 293 702 Ut
317 669 365 701 sol
389 669 542 702 mundum
568 668 767 709 illuminans3

179 717 222 751 V.
252 717 319 749 Iam
347 725 417 748 cum
443 717 562 749 sanctis

296 765 415 805 gaudet
438 765 471 796 in
496 764 604 804 patria

881 648 908 680 1.
938 650 1034 680 Anna
1061 648 1181 681 Christi
1207 650 1380 682 thalamum

987 696 1114 728 Intrans
1142 706 1211 730 cum
1237 698 1368 740 honore,

939 743 1166 787 cinamomum,
1195 745 1369 777 balsamum

987 790 1126 832 Superat
1151 793 1259 826 odore.

248 812 367 844 Summi
393 812 468 844 boni

295 858 405 892 fruens
431 859 625 899 praesentia.
883 858 915 888 2.
942 857 1038 889 Pulso
1063 858 1178 891 mentis
1204 859 1325 899 nubilo,

986 904 1124 938 Deierso
1150 916 1295 939 maerore

942 952 1106 993 Conspicit
1131 955 1163 986 in
1190 955 1290 987 iubilo

307 1004 353 1035 In
380 1004 410 1036 3.
439 1003 670 1035 Nocturno.
986 1000 1105 1041 Regem
1135 1003 1167 1034 in
1197 1003 1321 1036 decore.

384 1089 594 1124 Responsoria.
880 1067 911 1099 3.
941 1067 1084 1107 Vigilans
1111 1072 1142 1099 et
1166 1069 1278 1101 sitiens

365 1140 371 1142 -
984 1115 1076 1147 Haec
1104 1116 1262 1155 quaesivit:
1288 1116 1402 1154 Deum,

189 1157 219 1191 1·
246 1156 341 1189 Felix
365 1158 470 1197 Anna,
938 1164 1044 1203 Larga
1070 1163 1155 1195 dona
1176 1164 1325 1205 largiens,

295 1205 384 1237 cuius
409 1207 476 1236 tres
499 1202 586 1236 filiae
986 1210 1042 1242 είς
1065 1210 1189 1243 invenit,
1214 1220 1296 1244 eum,

247 1253 301 1285 Sic
326 1255 521 1293 praeventae

292 1304 368 1332 sunt,
393 1300 475 1332 dono
500 1300 634 1340 gratiae,

248 1350 294 1383 Ut
318 1347 429 1380 felices

295 1405 375 1435 prae
400 1395 524 1429 cunctis
551 1395 666 1427 ceteris

293 1443 365 1476 Sint
389 1444 452 1476 iam
477 1444 510 1475 in
536 1443 655 1475 liberis.

880 1279 914 1309 4.
939 1277 1140 1309 Benedioant
1165 1279 1271 1311 omnia

984 1324 1097 1365 Deum,
1125 1325 1179 1366 qui
1205 1326 1337 1359 donavit:

935 1374 1049 1405 Annae
1073 1373 1170 1406 talem
1196 1373 1307 1416 filiam,

986 1420 1074 1459 Quae
1098 1422 1205 1454 Iesum
1229 1422 1375 1454 lactavit.

182 1493 222 1526 V.
254 1492 363 1525 Prima
387 1492 487 1532 gignit
513 1500 620 1529 regem
646 1490 767 1531 gloriae
876 1488 908 1520 5.
935 1486 1049 1518 Aulam
1076 1488 1156 1519 caeli
1182 1489 1291 1521 curiae

247 1540 311 1573 Sex
341 1542 469 1572 sanctos
495 1538 686 1578 praecipuos
712 1539 804 1570 aliae.
985 1535 1079 1567 Anna¹
1102 1536 1164 1567 iam
1191 1536 1335 1577 ingressa

612 1615 619 1621 ,
637 1615 644 1621 ,
911 1582 1039 1615 Laudat
1065 1591 1172 1622 regem
1198 1584 1319 1624 gloriae

188 1619 219 1650 2.
248 1617 273 1650 Ο
299 1619 402 1649 mater
426 1617 522 1648 Anna
546 1614 674 1655 nob1hs‚
983 1630 1070 1662 Voce
1095 1630 1270 1665 indefessa.

246 1665 339 1697 Oliva
363 1664 511 1705 pulchra,
540 1662 669 1704 fertilis,

293 1712 381 1753 Alta,
408 1710 515 1744 fructu
541 1710 689 1749 fecunda,
1051 1715 1097 1743 Ad
1119 1716 1305 1745 Benedictus.

243 1761 346 1793 Beata
372 1761 463 1792 cuius
488 1759 590 1792 ubera

246 1808 339 1843 Suxit
366 1809 455 1849 virgo
480 1816 642 1849 puerpera

293 1856 346 1890 Ab
373 1856 459 1889 omni
484 1856 558 1888 labe
581 1856 721 1894 munda;

170 1907 208 1939 V.
240 1907 345 1947 Anna,
373 1908 476 1937 mater
501 1903 638 1945 egregia,

243 1954 406 1986 Conserva
430 1953 492 1985 Dei
518 1952 623 1993 gratia

290 2003 319 2034 A
346 2005 450 2034 morte
475 2010 532 2034 nos
558 2000 709 2033 secunda.

862 1785 901 1816 A.
933 1784 1138 1826 Benedictus,
1163 1786 1217 1825 qui
1241 1786 1354 1818 invisit

981 1832 1048 1864 Nos
1075 1841 1133 1865 sua
1159 1833 1327 1866 clementia

931 1880 976 1912 Et
1000 1881 1043 1912 ad
1070 1882 1174 1913 caelos
1199 1883 1262 1913 iam
1288 1883 1467 1915 transmisit

979 1930 1107 1961 Annam
1133 1938 1204 1961 cum
1228 1930 1362 1970 laetitia,

938 1975 1035 2009 Cuius
1060 1977 1162 2010 sacris
1186 1977 1242 2009 det:
1266 1979 1416 2018 precibus

940 2024 1057 2056 Pacem
1082 2025 1200 2057 nostris
1227 2026 1437 2065 tcmporibus.

181 2080 212 2114 3.
239 2079 393 2112 Trinitati
415 2079 488 2110 laus
513 2081 655 2117 aeterna,

239 2128 336 2159 Anna
363 2127 415 2159 die
441 2126 598 2159 hodierna
1047 2109 1094 2137 Ad
1115 2109 1297 2147 Magnificat.

238 2175 360 2208 Tendit
383 2175 426 2208 ad
452 2183 593 2215 superna
860 2178 900 2209 A.
932 2176 960 2210 O
986 2178 1082 2209 radix
1106 2178 1191 2217 viva,

238 2223 374 2262 Gaudia,
984 2225 1085 2258 mirae
1109 2226 1240 2265 pietatis
1266 2226 1360 2267 oliva,

231 2272 360 2313 Regnat:
384 2272 417 2303 et
441 2271 584 2303 exsultat
930 2272 982 2304 Ex
1007 2282 1071 2313 qua
1096 2276 1282 2306 cunctorum

236 2321 314 2354 Cum
340 2318 445 2352 beatis
977 2321 1135 2361 processit
1161 2322 1249 2362 origo
1277 2323 1441 2364 bonorum,

237 2369 335 2402 Cuius
364 2367 576 2400 sacratissimi
601 2367 724 2400 ventris
927 2368 977 2400 Tu
1003 2378 1073 2410 nos,
1099 2370 1205 2414 Anna,
1231 2373 1288 2412 pia

233 2418 372 2450 Fructus
401 2415 548 2448 amabilis
976 2417 1112 2451 benedic
1138 2428 1206 2451 cum
1234 2421 1325 2462 prole
1351 2421 1467 2459 Maria,
