1655 2568
752 119 1010 154 —283—

679 213 727 244 99.
758 212 799 244 De
820 215 927 245 sancto
947 214 1088 245 Erasmo.

359 283 403 314 In
432 282 462 314 1.
492 282 717 323 Vesperis.
1050 283 1112 316 Ad
1136 283 1405 315 Matutinum.

443 356 641 393 Antiphonae.
1119 368 1336 396 Invitatorium.

236 415 268 449 1.
296 415 421 456 Gaude,
447 418 552 447 mater
577 418 722 459 ecclesia,
984 427 1158 461 Iubilemus
1186 425 1313 458 Christo
1339 426 1417 466 regi,

293 464 382 503 Quae
406 463 490 516 tanti
512 463 681 497 sollemnia
984 475 1043 514 Qui
1068 475 1099 506 in
1126 472 1208 505 festo
1233 474 1326 505 huius
1354 474 1418 506 diei

343 509 509 543 P011't1fisslS
535 512 661 553 ΥΘΟΟῙΪΞ,
982 522 1151 555 Erasmum
1177 526 1321 553 sanctum
1344 521 1540 561 sublimavit,

294 559 354 598 Qui
377 559 409 590 in
436 558 499 589 hac
522 559 651 591 miseria
983 570 1043 609 Qui
1067 570 1152 602 hunc
1177 569 1329 601 mundum
1353 569 1528 609 superavit.

293 607 412 638 Passus
440 609 489 637 est
513 607 673 646 supplicia

338 654 433 687 More
457 653 503 693 pii
527 656 690 696 martyris.

232 712 264 745 2.
291 710 510 743 Exenteratus
536 713 573 742 ut
596 716 722 743 assatur
1042 705 1087 737 In
1114 703 1145 735 1.
1172 702 1404 735 Nocturno.

341 758 454 798 Piscis,
482 758 529 790 sic
553 758 751 792 Maximiano

289 806 420 846 Martyr
445 808 531 837 totus
557 807 764 848 evisceratur,
1130 787 1326 822 Anhphonae.

337 855 389 886 Ab
416 854 509 885 hoste
533 853 610 885 fidei
634 854 784 894 profano.
925 858 956 890 1.
985 858 1109 890 Nomen
1135 855 1263 887 Domini
1289 854 1539 895 magnificemus,

233 913 265 946 3.
291 911 395 952 Digiti
424 910 547 943 subulis
573 911 806 953 transfiguntur
982 905 1040 937 Pia
1067 903 1164 936 lande
1189 903 1416 944 collaudemus,

337 959 495 998 Martyris
519 958 637 998 fidelis,
982 952 1073 992 Quod
1099 960 1118 983 a
1142 953 1232 982 tanto
1257 953 1367 981 sancto
1394 950 1463 981 viro

290 1007 430 1039 Pedicae
456 1005 671 1039 confoduntur
983 999 1192 1032 Praedicatur
1217 1006 1305 1029 more
1328 998 1419 1031 mir0.

338 1055 432 1087 IUSSU
457 1054 542 1096 segis
569 1055 719 1090 Grndelis·
923 1067 953 1098 2,
982 1065 1080 1107 Caeli,
1107 1064 1211 1095 Deum
1238 1064 1429 1102 collaudato,

231 1114 265 1144 4.
295 1112 437 1146 Clamat:
465 1112 545 1151 Spes
572 1111 659 1143 orbis
684 1112 788 1152 unica,
979 1113 1107 1144 Laudes
1131 1111 1259 1143 Erasmi
1290 1112 1439 1153 exaltate,

338 1160 475 1200 Christe,
502 1159 605 1198 patris
628 1159 751 1203 sophia,
980 1160 1078 1199 Quem
1091 1158 1152 1191 sibi
1162 1158 1316 1190 Dominus
1331 1159 1540 1200 consecravit,

287 1207 384 1239 Hunc
409 1207 561 1247 populum
588 1206 764 1248 sanctifica,
979 1208 1063 1240 Dum
1089 1217 1109 1239 a
1133 1215 1247 1239 seaeno
1273 1207 1425 1238 mundum
1450 1207 1540 1241 lavit.

335 1255 417 1296 Lux’
446 1254 567 1286 Veritas
594 1257 626 1285 et
650 1255 711 1287 Via·
923 1276 954 1307 3.
984 1273 1098 1306 Cordis
1125 1273 1254 1313 quidem
1279 1274 1431 1313 puritate,

228 1315 260 1346 5.
288 1312 435 1352 Spondet
459 1320 551 1343 mox:
579 1312 679 1344 Serve
701 1310 819 1352 fidelis,
979 1321 1146 1355 hmocenfi
1170 1322 1292 1361 pietate

331 1360 371 1392 ῙΠ
397 1362 430 1391 te
457 1358 693 1391 confidentibus
794 1407 816 1413 ⁷,
980 1368 1127 1402 Caesaris
1152 1371 1187 1400 ut
1211 1369 1402 1400 lutulentum

281 1408 410 1440 Dantur
427 1416 509 1447 mox,
529 1415 735 1447 quaecunque
755 1412 846 1448 vens,
981 1417 1114 1458 Spernis
1145 1426 1256 1448 aurum
1282 1419 1315 1447 et
1339 1420 1515 1457 argentum.

337 1455 384 1487 Te
409 1455 506 1487 laude
530 1455 756 1489 recolentibus,

215 1514 256 1546 R.
288 1513 394 1554 Salve,
422 1514 556 1551 martyr,
582 1511 710 1553 nobilis⁷
1121 1501 1330 1536 Responsoria.

336 1560 458 1593 Christi
482 1560 574 1591 testis
600 1560 720 1597 herilis,
922 1559 952 1592 1.
982 1559 1106 1600 Gaude,
1131 1561 1225 1599 pater
1249 1562 1368 1591 sancte.
1397 1560 1501 1599 gaude

287 1610 326 1642 In
348 1616 458 1640 amore
475 1607 542 1639 eius
560 1611 649 1639 stans
666 1607 849 1647 immobilis,
981 1608 1039 1640 Pio
1067 1607 1194 1641 Christo
1221 1610 1253 1638 et
1278 1607 1450 1649 applaude,

337 1656 451 1688 Victor
475 1655 611 1694 agminis
635 1656 772 1696 hostilis,
983 1655 1064 1695 Quia
1087 1654 1207 1696 gratias
1233 1654 1292 1687 tibi
1318 1655 1398 1686 tales

287 1705 435 1744 Erasme,
462 1703 576 1735 doctor
601 1702 685 1742 fidei,
981 1703 1119 1743 Tribuit,
1145 1706 1181 1734 ut
1204 1701 1389 1735 ferocitates

338 1753 400 1785 Pro
426 1752 519 1784 nobis
545 1754 622 1783 vota
643 1750 752 1790 funde,
982 1751 1136 1784 Vinceres
1154 1750 1317 1782 brutorum
1338 1751 1540 1790 animalium;

287 1801 380 1834 Labe
405 1799 517 1831 mortis
543 1809 651 1831 sumus
677 1800 734 1839 rei,
910 1800 949 1833 V.
981 1799 1126 1831 Subiecit
1150 1807 1286 1838 namque
1311 1799 1374 1830 tuis
1392 1799 1539 1839 pedibus,

336 1848 496 1881 Succurre
520 1847 607 1887 plebi
621 1847 849 1888 gemebundae.
981 1847 1029 1880 Ut
1068 1847 1257 1888 prophetico
1301 1856 1357 1879 ore
1393 1847 1543 1887 promisit

213 1898 253 1933 V.
285 1897 400 1931 Vultus
424 1896 566 1928 Domini
600 1892 723 1940 [super]
749 1895 850 1928 iustos
1312 1894 1480 1928 Dominus.

287 1948 316 1978 et
341 1953 439 1978 aures
457 1944 526 1976 eiu-s
544 1944 582 1975 in
594 1953 708 1984 preces
727 1953 847 1976 eorum.
927 1964 958 1996 2·
986 1963 1116 2004 Septem
1144 1962 1235 1994 annis
1262 1971 1281 1994 a
1306 1962 1445 1993 tumultu

407 2020 456 2048 Ad
474 2018 656 2057 Magnificat.
982 2011 1090 2043 Hilari
1115 2013 1209 2050 pater
1233 2013 1362 2042 sanctus
1386 2010 1477 2042 vultu

983 2059 1139 2091 Libanum
1167 2058 1355 2090 conscendit
1378 2061 1517 2090 montem

983 2106 1135 2147 Corporis
1159 2104 1283 2146 fugiens
1309 2109 1455 2146 mortem,

982 2154 1126 2194 Tyranni
1153 2154 1267 2185 timens
1290 2154 1439 2192 iudicem,

910 2202 948 2236 V.
980 2203 1039 2242 Qui
1062 2205 1196 2234 mortem
1221 2200 1344 2233 inferre
1370 2202 1519 2242 cupiebat

286 2274 347 2315 Qui
373 2271 500 2313 spernis
526 2271 613 2303 iussa
638 2270 821 2311 principum
981 2251 1046 2294 Illi,
1073 2250 1126 2291 qui
1150 2250 1313 2282 Christum
1328 2250 1431 2282 Deum
1458 2251 1541 2282 cole-

335 2323 474 2362 Propter
500 2318 620 2352 Christi
646 2328 771 2357 nomen,
1313 2298 1377 2331 bat·

288 2372 351 2403 Pro
378 2368 480 2411 nobis⁷
508 2370 602 2408 pater
626 2368 768 2410 inopum,
924 2367 956 2400 3.
986 2366 1143 2406 Repu-tur
1167 2364 1384 2398 Diocletianus

334 2418 384 2450 Sis
412 2416 491 2448 flans
521 2416 647 2447 beatum
675 2424 777 2449 omen.
982 2415 1046 2458 Ira,
1074 2413 1152 2446 furit
1177 2417 1211 2445 ut
1235 2423 1383 2454 vesanus,

213 2083 254 2117 A,
286 2081 311 2114 Ο
338 2079 481 2120 praesul,
509 2078 713 2119 evangelicae

335 2128 430 2161 Sator
456 2126 613 2169 veritatis,

285 2178 382 2210 Vitae
407 2176 511 2208 cultor
538 2175 712 2215 angelicae,

335 2225 483 2257 Lucerna
506 2223 698 2266 sanctitatis,
