1653 2567
632 130 892 165 —129-

99 217 136 250 V.
167 219 321 260 Regnum
345 221 465 254 mundi
489 225 519 255 et
536 232 664 257 omnem
681 235 733 257 or-

169 269 288 299 natum
304 268 431 301 saeculo:
444 272 622 311 contempsi,
628 282 733 313 prop-

168 316 218 394 tgg
242 324 387 395 4530er
411 316 553 350 Domini
575 320 641 352 mei
657 319 735 353 Iesu,

218 371 266 395 ms
283 373 305 396 z.

109 421 140 453 3.
167 418 252 451 Dum
280 419 376 452 beata
400 420 547 455 Barbara

216 476 317 500 annos
340 469 573 509 pertransisset

166 514 312 548 Pueriles
339 518 372 549 et
395 517 437 549 ad
461 519 588 559 tempus

215 562 326 596 nubile
350 564 501 605 venisset,

163 611 261 644 Pater
289 621 412 645 summo
435 613 543 646 studio

217 659 367 692 maritum
394 663 557 704 precatur,

168 705 227 739 Cui
250 708 454 742 matrimonio

212 754 360 789 Barbara
381 757 547 800 iungatur;

93 803 132 836 V.
162 802 315 836 Primitus
343 804 512 837 blanditiis

213 860 283 883 eam
309 852 501 896 consolatur,

163 898 296 931 Nubere
319 900 348 932 si
375 901 492 942 renuit,

214 947 285 981 dire
312 948 532 984 comminatur.

104 1007 137 1041 4.
166 1005 261 1039 Dixit
282 1006 377 1039 beata
402 1006 548 1039 Barbara

212 1053 391 1087 artificibus
415 1055 539 1094 patris:

164 1102 246 1135 Tres
271 1102 352 1135 mihi
376 1101 534 1135 fenestras
560 1100 658 1137 facite

208 1151 243 1183 in
267 1151 395 1183 nomine
415 1151 592 1193 trinitatis;

92 1198 130 1231 V.
161 1198 328 1240 Quoniam
375 1208 433 1231 rem
475 1197 581 1231 omnis
622 1202 728 1232 terrae

164 1246 266 1287 Deus,
286 1245 422 1287 psallite
446 1246 622 1287 sapienter.

228 1343 275 1377 In
301 1345 334 1377 2.
360 1342 594 1378 NocturnO.

313 1419 510 1455 Antiphonae.

105 1476 137 1510 1.
164 1476 290 1517 Sponsa
315 1477 437 1512 Christi
462 1477 598 1511 celebris

211 1524 337 1566 Sponso
360 1525 521 1566 visitatur,

164 1572 276 1607 Posita
299 1574 333 1606 in
358 1573 501 1606 tenebris

211 1620 299 1655 Mire
319 1622 537 1655 collustratur.

104 1679 136 1712 2.
161 1679 289 1713 Blande
316 1679 480 1714 Christus:
506 1679 583 1719 filia,

210 1728 300 1761 Pone
324 1732 452 1772 metum,
479 1728 592 1772 inquit,

163 1776 278 1817 Sisque
304 1779 462 1817 constans,
489 1777 594 1817 gratia

209 1824 256 1857 Te
280 1834 344 1858 non
372 1825 576 1865 derelinquit.

107 1883 139 1916 3.
162 1883 273 1916 iustae
297 1883 353 1916 lux
378 1885 450 1915 orta
476 1886 524 1916 est
548 1882 672 1924 gratiae

160 1930 243 1964 Late
268 1940 424 1973 spargens
449 1931 587 1973 radium,

160 1979 272 2013 Rectis
299 1980 397 2012 corde
422 1980 564 2013 studium

158 2028 283 2070 Ingerit
306 2027 461 2062 laetitiae.

101 2087 133 2121 4.
160 2084 287 2127 Sponsa
309 2085 432 2119 Christi

159 2134 191 2167 A
214 2134 367 2175 praeside
388 2133 529 2167 nudatur

158 2182 204 2215 Et
227 2192 288 2223 per
311 2183 401 2215 vicos
426 2182 577 2224 agitatur,

159 2230 224 2264 Sed
248 2234 383 2272 precata
406 2230 512 2264 Deum

205 2288 282 2312 mox
308 2279 448 2312 candida
470 2279 554 2312 stola
577 2279 714 2313 velatur.

98 2340 130 2372 5.
155 2338 295 2378 Martyr‚
324 2338 399 2370 dum
423 2336 539 2379 oravit,

205 2385 348 2427 gladium
366 2384 462 2429 subit,
482 2386 615 2418 aethera
631 2392 723 2417 scan-

491 2433 548 2474 dit,

140 2494 252 2523 murno,
269 2492 393 2518 Historiae
408 2491 565 2522 rhythmicae.
595 2491 626 2515 V.

867 228 1010 269 Sponsus
1036 227 1201 269 honorque
1224 230 1329 275 datur,

913 285 985 308 cum
1012 275 1141 309 Christo
1166 276 1347 312 deliciatur.

806 334 838 367 6.
864 333 949 366 Dum
974 334 1007 366 in
1033 336 1145 366 sancta
1169 334 1325 377 Barbara,

800 1146 831 1177 2.

786 1433 823 1466 V.

799 1538 832 1570 3.

784 1729 823 1762 V.

783 2104 824 2138 A.

799 2382 830 2417 1.

912 382 987 414 Iesu
1013 381 1149 422 Christe,
1177 383 1304 423 coleris,

910 429 1038 462 Memor
1062 432 1129 462 esto
1154 431 1303 471 muneris,

865 477 955 517 Quod
981 477 1086 510 oranti
1112 479 1284 520 contulisti,

914 523 994 564 Spes
1018 524 1148 557 humani
1172 527 1298 567 generis

999 599 1210 635 Responsoria.

828 683 834 691 .
863 656 974 697 Surge,
1000 657 1102 699 virgo,
1130 660 1162 690 et
1185 661 1312 692 nostras

913 713 1031 745 sponso
1056 713 1169 745 preces
1194 708 1295 747 aperi,

865 753 937 786 Tua
961 762 1024 785 vox
1052 756 1100 784 est
1125 753 1227 786 dulcis

912 800 947 832 in
970 809 1047 832 aure
1070 800 1211 842 Domini,

864 849 951 888 Quae
975 857 1092 888 pausas

910 896 968 929 sub
993 897 1108 929 umbra
1133 896 1261 937 dilecti;

858 944 1006 985 Pulchre,
1034 944 1110 976 Sion
1135 944 1211 985 filia,

860 993 924 1026 Pro
950 992 1079 1024 mortali
1103 992 1213 1024 tunica

906 1039 994 1080 Agni
1019 1041 1104 1072 tecta
1129 1040 1250 1072 vellere

905 1087 950 1120 Et
973 1096 1090 1120 corona
1114 1088 1247 1127 gloriae.

858 1145 956 1177 Pater
980 1144 1122 1186 repletus
1148 1144 1269 1177 scelere

857 1192 975 1225 Filiam
1003 1193 1072 1225 vult
1096 1192 1254 1233 occidere,

858 1240 923 1273 Sed
948 1240 1038 1272 videt
1060 1240 1150 1272 illam
1176 1249 1380 1281 evanescere,

858 1287 976 1320 Vident
1003 1288 1086 1319 hanc
1110 1290 1255 1330 pastores
1281 1288 1405 1330 fugere,

859 1335 954 1368 Alter
977 1335 1068 1368 illam
1092 1344 1157 1368 non
1181 1336 1252 1368 vult
1267 1337 1420 1377 prodere,

858 1383 953 1416 Alter
977 1384 1119 1416 ostendit
1144 1386 1284 1426 temere3

854 1432 885 1464 A
910 1431 1048 1464 Domino
1065 1430 1104 1464 fit
1120 1432 1247 1473 signum
1263 1433 1422 1473 mirabile,

857 1479 941 1512 Oves
968 1479 1146 1520 proditoris
1170 1479 1253 1512 fiunt
1269 1481 1421 1514 locustae.

862 1536 1009 1569 Christus
1034 1539 1177 1569 sanctam
1204 1538 1374 1572 tenebroso

907 1585 1080 1617 Reclusam
1106 1586 1266 1626 ergastulo

857 1632 945 1666 Miro
970 1633 1049 1665 satis
1074 1635 1171 1673 atque
1193 1633 1314 1668 blando

907 1680 1077 1714 Consortat
1104 1682 1246 1723 eloqui03

855 1729 961 1770 Salve,
989 1729 1082 1769 virgo
1108 1729 1290 1770 benedicta,

906 1778 1005 1818 Quam
1033 1776 1154 1810 Christi
1176 1779 1362 1820 praesentia

856 1826 943 1859 Miro
970 1826 1049 1859 satis
1075 1828 1171 1867 atque
1194 1827 1315 1860 blando

907 1873 1077 1907 Confortat
1103 1875 1238 1916 eloquio.

920 1971 970 2003 In
998 1971 1029 2004 3.
1056 1970 1288 2006 NocturnO.

1003 2045 1050 2074 Ad
1071 2046 1203 2074 Cantica.

855 2104 979 2145 Quanto
1004 2113 1075 2137 sese
1101 2104 1303 2146 deprimebat

904 2152 1044 2187 Humilis
1068 2153 1230 2192 nobilitaS,

856 2200 960 2233 Tanto
985 2201 1087 2242 magis
1114 2201 1261 2234 elucebat

904 2248 1031 2282 Nobilis
1056 2249 1229 2282 humilitas

996 2324 1206 2361 Responsoria.

856 2382 1036 2424 Praecepto
1058 2384 1220 2424 praesidis

860 2429 979 2465 Christi
1003 2432 1094 2475 virgo
1119 2434 1271 2477 nudatur,

1225 2490 1243 2521 9
