1653 2567
724 72 986 109 -151-

228 194 235 201 .
261 168 545 202 Benedictionibus

313 216 390 249 Tuis
420 215 616 256 praevenisti

264 265 426 304 Sanctum,
455 272 548 304 quem
573 264 608 295 in
634 264 779 297 omnibus

309 311 358 343 Tu
388 311 591 343 benedixisti.

229 424 236 431 .
263 398 420 430 Innocens
442 397 495 429 hio
518 397 666 430 manibus

311 446 420 486 Atque
443 446 563 477 mundo
590 446 687 478 corde

265 492 430 534 Nusquam
457 493 653 525 vanitatibus

312 540 355 573 Se
379 540 472 573 dedit
495 544 551 573 aut
575 541 680 573 sorde.

402 675 613 712 Responsoria.

230 790 236 796 .
266 763 364 795 Pater
390 762 443 794 hio
467 762 605 802 apostoli

311 809 445 843 Perficit
470 809 610 843 officium

358 859 403 891 Et
430 858 608 898 prophetae
633 866 757 898 nomen,

266 907 397 946 inquire
423 916 480 939 vas
506 906 579 946 olei,

314 953 502 986 Defensoris
529 953 628 985 filium

362 1002 407 1034 Et
430 1002 483 1042 qui
509 1000 575 1033 fert
596 999 777 1042 flasconem,

228 1075 235 1082 .
266 1050 417 1083 Feminas
444 1058 482 1081 ex
507 1049 606 1080 nobili

316 1097 452 1137 Genere,
480 1097 537 1129 sed
565 1096 715 1128 clericum

361 1145 406 1177 Et
427 1144 511 1185 regis
537 1144 683 1178 tironem.

234 1256 241 1263 .
267 1230 347 1263 Eius
373 1233 467 1271 pater
494 1230 612 1261 exitum

315 1278 485 1310 Nuntiavit
510 1277 597 1316 filiis,

363 1326 443 1358 Mox
470 1328 636 1365 correptus
662 1323 807 1356 febribus

409 1373 507 1406 Vitae
531 1381 646 1413 panem
673 1373 778 1413 sumit,

268 1422 344 1454 Post
368 1422 449 1454 haec
472 1420 563 1453 flavit
586 1421 745 1461 spiritum,

316 1469 404 1502 Caeli
428 1469 554 1501 iunctus
578 1468 655 1500 liliis

362 1518 408 1549 Et
431 1517 578 1556 supernis
605 1516 725 1547 civibus

414 1565 509 1596 Vitae
534 1564 631 1596 vitam
657 1563 736 1596 unit.

230 1639 237 1646 .
270 1614 348 1646 Post
372 1612 473 1653 ipsius
499 1611 620 1643 obitum

320 1661 410 1693 Viam
438 1663 573 1692 stratam
596 1659 715 1699 palliis,

365 1708 529 1741 Nitentem
553 1706 756 1748 lampadibus

412 1756 512 1788 Binus
543 1754 645 1788 frater
668 1755 779 1788 cernit.

234 1870 240 1876 .
269 1844 404 1877 Sanctus
431 1843 484 1875 hie
510 1842 721 1874 descenderat.

315 1892 437 1924 Videre
462 1890 705 1930 scholasticam,

361 1940 437 1973 Cum
464 1939 554 1971 abire
579 1938 689 1981 voluit,

412 1988 476 2020 illa
499 1988 638 2027 supplex
662 1988 771 2026 rogat}

268 2038 337 2070 Iam
365 2039 461 2076 caput
486 2037 661 2075 levaverat,

317 2084 424 2117 Sentit
449 2086 542 2124 pater
564 2083 718 2124 pluviam,

365 2133 454 2173 Quae
477 2134 602 2164 tantum
627 2130 773 2168 invaluit,

413 2180 506 2220 Quod
531 2188 662 2212 manere
688 2182 796 2219 cogat,

228 2258 235 2265 .
266 2231 345 2263 Post
371 2235 435 2262 tres
464 2229 533 2261 dies
558 2229 708 2269 penetrat

317 2277 432 2312 Caelos
456 2285 547 2310 soror
573 2276 702 2315 caelica,

366 2326 458 2359 Istud
485 2328 595 2357 sancto
621 2323 735 2367 patuit,

419 2373 556 2413 Quando
581 2373 685 2407 Deum
712 2374 794 2404 orat.

1047 170 1092 203 In
1117 170 1352 204 Laudibus.

987 280 999 296 ι
1098 255 1296 291 Antiphonae.

919 338 925 345 .
954 312 1146 346 Benedictus
1171 317 1282 353 petere

1003 361 1173 393 Desertum
1201 362 1389 394 decreverat

1051 408 1149 442 Nullo
1174 418 1244 441 sese
1269 413 1354 452 noto,

958 457 1057 497 Quem
1082 457 1192 490 nutrix
1217 458 1367 490 deserere

1004 503 1154 538 Profecto
1180 515 1243 537 non
1268 508 1396 545 poterat

1050 553 1173 586 Mundo
1195 556 1303 593 spreto
1329 555 1407 587 toto.

923 646 928 653 .
956 620 1044 652 Petit
1068 620 1273 660 capisterium

1005 669 1068 701 Pro
1094 668 1261 708 purgando
1286 667 1394 699 tritico

1052 715 1172 750 Nutrix
1197 725 1216 747 a
1240 716 1356 751 vicina,

959 764 1051 803 Quod
1075 764 1203 796 incante
1228 764 1365 803 positum

1004 812 1157 845 Fractum
1183 813 1275 843 sanat
1299 811 1385 842 illico

1053 859 1181 891 Virtute
1212 859 1329 891 divina.

924 954 931 960 .
956 926 1021 959 Hic
1045 927 1172 959 nutrice
1194 926 1299 958 inscia

1004 974 1103 1015 Fugit
1129 977 1161 1006 et
1183 974 1364 1013 incognitus

1050 1021 1174 1054 Mansit
1198 1021 1290 1053 annis
1314 1020 1427 1063 tribus,

958 1072 1057 1108 Quem
1085 1069 1194 1101 divina
1218 1069 1321 1109 gratia

1004 1117 1103 1150 Pavit
1126 1120 1222 1155 atque
1245 1116 1390 1148 modicus

1054 1164 1118 1197 Hic
1141 1164 1291 1196 Iohannis
1318 1163 1417 1196 cibus.

922 1260 928 1267 .
957 1231 1021 1265 Sed
1047 1231 1193 1265 Christus
1218 1230 1408 1270 presbytero

1002 1279 1136 1312 Paranti
1163 1278 1308 1310 convivio

1056 1328 1091 1360 [n
1114 1326 1259 1366 paschali
1283 1324 1365 1358 festo

956 1375 1031 1408 Ait:
1059 1383 1129 1406 meo
1154 1383 1253 1414 puero

1006 1421 1159 1457 Confecto
1183 1421 1301 1454 ieiunio

1054 1470 1166 1505 Cibum
1191 1470 1287 1502 istum
1314 1468 1406 1503 ferto.

903 1541 933 1573 5.
960 1538 1070 1579 Surgit
1093 1537 1147 1568 hie
1171 1536 1318 1577 sollicite,

1007 1586 1119 1618 Virum
1147 1584 1211 1617 fine
1234 1585 1355 1623 reperit

1058 1632 1133 1666 Cum
1162 1631 1369 1664 difficultate:

960 1681 1072 1723 Surge,
1097 1680 1225 1718 mande,
1250 1689 1314 1712 non
1337 1690 1421 1712 nunc
1445 1685 1478 1713 te

1009 1730 1158 1762 Ieiunare
1188 1729 1333 1761 convenit

1056 1777 1128 1810 Hac
1152 1776 1377 1809 sollemnitate.

1082 1872 1128 1900 Ad
1147 1872 1333 1900 Benedictus.

888 1939 927 1970 A.
963 1937 1084 1979 Gaude,
1112 1935 1192 1969 felix
1218 1937 1324 1969 anima

1011 1985 1191 2025 Benedicti,
1218 1984 1366 2025 quoniam

1057 2032 1176 2066 Fusam
1200 2033 1303 2064 lucem
1332 2033 1470 2072 desuper

1109 2081 1249 2113 Cunctas
1258 2080 1363 2112 noetis
1373 2081 1524 2113 tenebras

1148 2128 1293 2169 Fugasse
1318 2127 1438 2169 vidisti,

963 2177 1009 2211 Et
1031 2176 1183 2210 Germani
1214 2177 1354 2209 animam

1012 2225 1108 2257 Ferri
1133 2226 1174 2258 ad
1204 2225 1356 2257 caelestia

1063 2275 1264 2316 sororisque,
1290 2274 1383 2306 radio

1109 2322 1196 2354 Ante
1224 2327 1296 2354 tuos
1323 2322 1431 2355 oculos

1153 2369 1313 2403 Mundum
1320 2371 1526 2413 conspexisti.
