1653 2567
679 100 916 136 „35-

150 197 181 228 3.
208 196 293 228 Dum
318 197 369 229 vir
394 200 524 229 sanctus
550 199 620 230 vult
644 207 747 239 orare,

210 243 323 275 Custos
349 253 412 276 non
435 244 511 276 sinit
537 245 660 278 intrare

256 290 369 323 Limen
395 291 429 323 in
453 293 599 332 ecclesia,

209 339 272 371 Sed
298 339 383 372 hunc
408 340 540 372 mandat
562 340 697 372 introire

206 386 249 418 Et
275 386 439 419 custodem
466 388 643 426 praeterire

259 433 397 475 Virginis
422 435 544 478 iconia;

138 482 176 516 V.
209 481 273 514 Hic
297 481 466 515 Beniamin
488 483 523 514 in
549 491 682 514 excessu

209 529 339 570 Mentis,
366 530 449 562 sicut
472 530 506 562 in
530 538 684 571 processu

257 578 324 610 Iam
350 580 441 618 patet
462 578 627 611 historiae.

274 703 319 735 In
347 703 379 735 3.
406 702 639 735 Nocturno.

363 777 560 813 Antiphonae.

155 837 185 868 1.
211 835 285 876 Hic,
313 836 367 875 qui
393 834 473 868 facit
496 836 652 868 iustitiam

211 883 256 915 Et
280 886 388 916 servat
412 884 638 924 innocentiam,

260 931 306 964 Ut
331 931 443 963 beatus
463 932 610 972 Alexius,

211 979 251 1011 In
275 982 329 1010 tuo
355 979 562 1012 tabernaculo

211 1026 283 1058 Hoc
306 1029 446 1059 testante
470 1026 629 1059 versiculo

260 1073 432 1107 Habitabit
455 1074 612 1114 superius.

152 1134 184 1164 2.
211 1130 361 1164 Alexium
386 1131 585 1170 praevenisti

260 1179 297 1211 In
326 1178 601 1210 benedict-ionibus

211 1226 255 1258 Et
282 1234 431 1258 coronam
455 1226 591 1267 posuisti

261 1273 311 1305 De
333 1274 483 1315 gemmeis
509 1273 671 1314 lapidibus

216 1321 254 1355 In
279 1322 385 1361 capite
410 1322 489 1361 eius,
514 1321 600 1353 unde

216 1368 294 1401 Cum
320 1370 439 1402 sanctis
464 1370 582 1411 gaudet
609 1369 747 1402 abunde.

157 1428 189 1460 3.
215 1426 307 1459 Haec
332 1430 382 1459 est
405 1427 569 1467 generatio

263 1475 488 1514 Quaerentium
512 1474 695 1514 Dominum,

215 1522 355 1561 Quorum
380 1522 554 1562 postulatio

262 1568 348 1602 Prae
371 1569 446 1602 filiis
472 1569 634 1601 hominum

213 1617 375 1650 Heredem
402 1616 589 1658 promeruit,

213 1665 264 1698 De
288 1666 386 1698 caelis
411 1674 505 1705 quem
530 1665 649 1706 genuit¹

352 1751 564 1783 Responsoria.

153 1808 183 1842 1.
209 1808 272 1841 Sed
299 1818 339 1841 ne
365 1808 457 1841 favor
481 1808 585 1841 laudis
612 1818 715 1842 vanae

212 1857 321 1890 Pulset
347 1857 413 1889 eius
441 1866 495 1889 cor
519 1857 614 1890 inane

258 1905 399 1938 Satanae
424 1906 575 1945 versutia,

211 1953 349 1986 Tarsum
374 1953 509 1986 tendens
535 1956 631 1986 vento
656 1950 755 1984 flante

212 2001 293 2034 Adit
318 2001 452 2033 Romam
482 2001 689 2042 dispensante

260 2049 314 2082 Sic
341 2049 450 2082 divina
476 2049 654 2090 clementia,

139 2097 179 2132 V.
210 2097 262 2130 Ne
289 2097 433 2138 cuiquam
459 2098 502 2129 sit
526 2097 670 2138 fastidio,

262 2146 412 2185 Disponit
437 2154 569 2178 manere

214 2194 271 2227 Sui
295 2195 398 2235 patris
424 2194 566 2233 hospitio

260 2243 374 2282 Ibique
402 2242 528 2283 degere.

151 2304 185 2335 2.
210 2302 309 2341 Apud
336 2304 462 2341 patrem
485 2299 678 2341 hospitatur,

212 2349 277 2382 Sed
302 2348 389 2382 filius
413 2349 581 2389 ignoratur

261 2397 326 2430 Sub
353 2398 506 2438 pauperis
533 2394 650 2436 effigie,

829 341 867 374 V.

899 199 962 230 Hic
987 208 1006 230 a
1030 198 1132 229 servis
1157 198 1380 242 exprobratur,

899 245 1014 278 Irrisui
1040 244 1163 277 cunctis
1191 245 1286 277 datur

948 293 1084 334 Pauper,
1113 291 1167 324 ubi
1195 292 1336 326 divitiae.

898 340 960 372 Hic
986 343 1033 372 est
1060 339 1176 371 Paulus
1200 340 1264 371 iam
1289 340 1459 381 secundus,

899 388 959 421 Cui
985 386 1154 420 crucifixus
1181 389 1229 419 est
1253 389 1402 427 muudus,

947 435 1045 468 Dives
1070 435 1102 466 in
1128 435 1292 475 pauperie.

866 538 873 545 .
901 512 971 544 Vox
998 512 1038 543 de
1065 513 1152 544 caelo
1178 514 1386 553 protestatur,

900 559 991 599 Quod
1016 568 1074 600 pro
1101 560 1204 592 Roma,
1227 560 1419 600 deprecatur

948 609 1017 640 Iam
1042 610 1223 647 assumptus
1248 608 1281 639 in
1305 608 1418 648 gloria,

900 655 1019 688 Adhuc
1043 655 1155 688 vivens
1181 656 1312 688 chartae
1335 659 1421 687 tomo

902 703 1085 743 Descripsit
1110 704 1143 735 in
1169 703 1271 743 patris
1297 703 1389 736 domo

948 749 1044 782 Suam
1072 752 1169 783 vitam
1196 759 1256 791 per
1280 752 1404 791 omnia3

899 798 996 838 Ecce,
1023 800 1105 831 liber
1129 800 1290 831 involutus

952 846 1114 879 Virtutum
1139 847 1311 887 signaculis

906 895 1043 935 Aperuit
1068 894 1226 927 resolutus

952 942 1050 982 Signa
1073 952 1188 984 magna
1213 942 1341 983 populis

998 1105 1043 1136 In
1068 1104 1301 1138 Laudibus

1049 1199 1246 1236 Antiphonae.

870 1304 877 1311 .
904 1278 1042 1310 Domum
1068 1280 1164 1320 tuam,
1193 1287 1210 1309 o
1236 1277 1383 1320 Domine,

953 1326 1119 1359 Inhabitat
1144 1325 1278 1358 Alexius

903 1373 1037 1406 Dierum
1061 1373 1260 1415 longitudine

951 1422 1127 1462 Tamquam
1150 1421 1245 1452 heres
1272 1424 1302 1452 et
1326 1419 1423 1453 filius.

872 1524 879 1531 .
905 1498 999 1531 Omni
1024 1499 1105 1531 hora
1129 1498 1184 1539 qui
1208 1497 1345 1531 servivit

953 1546 1037 1586 Tibi,
1071 1545 1169 1585 Deus,
1195 1554 1279 1577 nunc
1304 1545 1420 1579 iubilat

904 1594 951 1626 Et
975 1595 1058 1626 atria
1083 1593 1237 1634 introivit,

953 1641 1016 1675 Ubi
1042 1651 1105 1674 nox
1129 1650 1193 1674 non
1219 1640 1395 1675 obnubllat.

905 1719 968 1751 Hic
993 1720 1107 1760 vigilat
1131 1719 1171 1751 ad
1198 1723 1240 1761 te²
1272 1718 1369 1757 Deus,

905 1767 981 1800 Plus
994 1768 1176 1807 relinquens
1189 1776 1282 1807 quam
1293 1767 1466 1805 Zachaeus,

952 1816 1008 1848 Nil
1030 1815 1172 1847 retinens
1199 1815 1239 1847 de
1263 1815 1417 1855 propriis,

905 1864 1083 1904 Propterea
1107 1871 1193 1895 nunc
1217 1863 1363 1903 repletur

903 1911 1001 1944 Bonis
1028 1912 1091 1943 tuis
1118 1914 1149 1943 et
1175 1915 1316 1944 meretur

955 1960 1123 1993 Caelorum
1148 1957 1212 1991 frui
1238 1959 1374 2000 gaudiis

906 2036 1101 2069 Benedictus
1128 2045 1170 2074 es,
1203 2036 1350 2074 Domine,

906 2085 967 2124 Qui
990 2087 1155 2125 tamquam
1179 2084 1235 2116 lux
1258 2084 1293 2115 in
1317 2084 1436 2117 lumine

954 2132 1107 2174 Refulges
1132 2133 1165 2164 in
1192 2132 1318 2173 Alexio,

907 2181 1006 2221 Quem
1030 2189 1093 2212 uno
1121 2180 1172 2212 die
1195 2180 1311 2212 tollere

908 2229 1019 2261 Placet
1043 2232 1148 2260 tecum
1175 2227 1215 2259 de
1240 2236 1375 2268 corpore

953 2277 1006 2309 Ex
1033 2276 1170 2317 quodam
1196 2277 1375 2318 privilegio.

904 2344 961 2378 Sol
982 2346 1016 2377 et
1038 2345 1116 2376 luna
1139 2347 1173 2377 te
1198 2345 1356 2377 mirantur

953 2393 993 2426 In
1019 2392 1115 2425 caelis
1142 2392 1357 2434 sublimatum,

1256 2447 1297 2478 3*
