1653 2567
711 131 942 167 -94-

247 228 397 260 Fratrum
422 237 520 272 amor,

290 276 394 308 earnis
419 275 561 315 afflictio,

242 323 335 355 Mens
362 324 486 364 devota,

289 379 410 402 morum
435 372 546 412 religio

242 418 289 450 Te
314 418 500 450 confirmant

293 467 326 498 in
351 467 440 506 regni
466 467 556 498 solio.

313 541 356 574 In
383 543 412 575 2.
437 542 651 582 VesperiS.

364 597 408 624 Ad
429 598 605 632 Magnificat.

177 648 218 680 A.
248 647 271 679 O
297 646 428 686 Antoni,

291 693 414 734 fulgens
440 693 607 736 munditia,

927 228 1114 261 Consulator

971 275 1054 307 sacri
1080 274 1202 307 consilii

923 324 968 356 Et
992 322 1160 354 verborum

970 370 1093 411 pollens
1120 368 1279 411 facundia,

923 419 976 451 Ad
1000 420 1032 449 te
1057 418 1103 449 tui

970 465 1131 506 suspirant
1154 463 1222 503 filii,

926 513 1063 552 Quorum
1089 520 1208 544 memor

969 569 1053 593 nunc
1078 560 1121 591 sis
1145 560 1179 591 in
1205 557 1320 598 patria,

921 609 967 641 Ut
991 607 1056 638 sint
1079 607 1125 638 tui

968 656 1002 687 in
1028 654 1153 687 Christo
1177 653 1265 686 socii.

252 750 334 777 Brev.
365 749 552 777 Paulinorum
582 751 650 785 imp.
678 750 809 777 Venetiis
839 747 918 777 1540.
946 750 980 777 A.
1007 763 1045 768 —-
1071 749 1175 776 Diurn.
1204 756 1256 774 ms.
1283 747 1473 774 Paulinorum

173 794 248 814 saec.
271 785 314 814 15.
355 787 424 814 (jod.
446 788 616 815 (iottwicen.
636 784 701 814 439.
723 788 755 814 Β.
781 801 819 805 -
838 787 879 814 In
903 785 926 814 1.
947 788 1049 822 Vesp.
1071 787 1165 822 Super
1184 785 1287 822 psalm.
1310 783 1339 817 R,
1361 783 1378 812 5
1398 783 1475 811 Alba

173 827 255 860 pater
281 825 314 852 B.
341 839 376 843 —
401 825 442 852 In
471 823 495 852 1.
523 825 623 853 Noet.
645 823 667 851 Α
689 823 714 858 3,
738 824 752 852 1
773 833 800 851 u.
822 823 839 851 2
864 824 1038 861 umgestellt.
1065 839 1103 843 —-
1128 825 1169 852 In
1188 823 1214 851 2.
1234 823 1335 850 Noct.
1358 821 1380 848 Α
1403 821 1433 854 1,
1456 819 1474 847 2

172 864 326 891 consortio.
424 863 521 890 Hiezu
554 863 601 889 dio
633 863 784 898 Hymnen:
823 863 857 890 In
891 861 915 890 1.
946 864 1045 898 Vesp:
1080 862 1165 890 Nova
1191 861 1293 898 procul
1318 863 1347 888 et
1375 863 1475 888 vetera

173 899 267 932 (Anal.
289 900 344 933 IV,
366 899 423 934 b'ssk
453 901 489 928 ad
521 901 618 929 Noct.:
645 901 761 929 Laudes
788 903 903 936 promat
928 901 1058 928 Antonio
1079 899 1173 934 (Anal.
1195 899 1313 932 XXIII,
1337 896 1414 933 125„
1438 897 1475 924 ad

172 938 303 966 Laudes:
327 937 420 965 (jorda
440 940 563 974 iungant
582 940 739 966 astantium
759 938 853 969 (Anal.
875 939 985 973 XXIII,
1010 936 1081 972 125).

566 1020 611 1051 33.
641 1021 675 1052 In
695 1020 879 1052 Inventione
901 1029 924 1051 s.
945 1020 1081 1052 Antonii.

309 1081 409 1114 1111.
437 1082 545 1122 Vesp
559 1082 652 1114 eris.

360 1156 406 1182 Ad
423 1156 602 1192 Magnificat.

171 1214 211 1245 A.
244 1213 387 1245 Gaudeat
413 1222 451 1245 ex
475 1216 551 1253 toto,

291 1261 362 1300 pari
386 1269 421 1291 se
447 1262 585 1295 celebret
608 1269 664 1292 seu
688 1263 760 1293 voto

244 1308 336 1340 Orbis
361 1309 518 1339 terrarum

291 1356 411 1386 tantum
432 1356 582 1387 claruisse
600 1355 792 1394 thesaurum,

242 1402 303 1433 Per
327 1410 418 1440 quem
440 1403 624 1443 languentes

290 1448 330 1481 ad
358 1457 427 1480 eum
451 1451 555 1489 palam
581 1450 752 1490 venientes,

245 1497 321 1529 Cum
346 1496 410 1527 sint
438 1498 553 1535 devoti,

287 1544 464 1576 liberantur
489 1544 632 1584 pondere
652 1545 721 1578 loti.

305 1657 364 1689 Ad
389 1657 654 1691 Matutinum.

369 1732 585 1760 Invitatorium.

245 1789 427 1821 Adoremus
454 1793 638 1829 creatorem,

243 1836 374 1868 Antonii
400 1837 453 1877 qui
477 1838 680 1877 splendorem

239 1884 345 1916 Hodie
374 1885 622 1924 splendidiorem

289 1931 411 1964 Claruit
434 1932 620 1973 Theophilo.

301 2038 346 2070 In
375 2038 404 2070 1.
431 2037 658 2069 Nocturno.

385 2112 579 2147 Antiphonae.

181 2173 213 2205 1.
240 2171 443 2203 Exsultemus

289 2227 396 2250 omnes
418 2218 451 2249 in
475 2217 620 2261 Domino,

242 2267 322 2307 Quia
345 2266 474 2305 praesul

282 2322 358 2347 vere
381 2313 577 2354 Theophilus

237 2364 267 2395 A
293 2363 429 2395 Caesare

285 2411 399 2442 missus
426 2409 577 2443 <livinitus

919 1081 1102 1121 Antoniunn

967 1129 1109 1169 Aegypti
1133 1127 1281 1169 nobilem,

919 1176 1024 1208 Hodie
1049 1176 1243 1207 sollemniter

918 1223 1037 1255 Meruit
1058 1223 1211 1255 invenire.

889 1307 895 1312 .
920 1279 1097 1311 Daemones
1121 1280 1154 1311 in
1181 1279 1310 1320 Sophia,

921 1327 1120 1360 Constantini
1143 1326 1220 1367 filia,

969 1373 1145 1406 'restabant
1170 1374 1325 1413 dicentes,

920 1422 1079 1461 Quatenus
1103 1420 1288 1459 Antonium,

922 1468 1081 1501 Cultorem
1107 1468 1275 1511 egregium,

968 1516 1130 1548 Sentirent
1156 1516 1313 1548 dolentes.

890 1600 896 1606 .
923 1572 1120 1606 Inventionis
1145 1572 1317 1605 modernae

969 1620 1121 1652 Laetetur
1147 1619 1293 1659 ecclesia,

921 1668 1068 1699 Praestet
1091 1667 1181 1699 nobis
1207 1667 1283 1699 hinc
1308 1670 1459 1701 aeternae

969 1714 1112 1747 Christus
1137 1715 1222 1747 vitae
1249 1715 1376 1755 gaudia.

1058 1789 1265 1823 Responsoria.

887 1862 893 1869 .
922 1836 1053 1869 Gabriel
1078 1838 1209 1877 angelus

921 1885 1060 1917 Locutus
1087 1887 1134 1916 est
1159 1885 1290 1918 Caesari

918 1932 1053 1964 Dicens:
1081 1932 1118 1964 In
1143 1933 1325 1973 Aegyptum

920 1980 1016 2011 Mitte
1039 1979 1270 2023 Theophylum‚

921 2025 1039 2067 Inquit,
1066 2027 1248 2067 pontificem

923 2075 1001 2108 Cum
1025 2075 1177 2107 Fratrum
1203 2084 1304 2108 cuneo

921 2122 976 2154 Bis
1002 2130 1058 2153 sex
1082 2124 1268 2165 peritorum,

921 2170 966 2202 Ut
988 2169 1184 2209 inquirentes

920 2217 1038 2249 Locum
1067 2219 1242 2259 exponant,

925 2264 1089 2298 Gloriosus
1114 2266 1147 2297 in
1174 2275 1234 2307 quo

924 2314 1020 2346 Pater
1045 2313 1203 2346 Antonius

921 2360 1127 2396 Eremiticam

921 2409 1060 2442 Duxerit
1084 2410 1150 2442 eius
1176 2411 1289 2452 vitam3
