1653 2567
163 1023 193 1055 3.

163 1299 192 1332 1.

147 2025 184 2059 V.

158 2181 190 2213 3.

683 127 944 162 -161—

182 246 189 254 .
220 221 269 255 Ut
293 230 383 254 suam
407 224 551 255 sanctam
574 223 762 264 plantulam,

219 268 396 311 Brigfflam,
423 272 512 302 tuam
536 270 699 315 famulam,
729 312 732 315 Ι

219 317 414 357 Augmentet
436 318 527 350 mille
550 318 678 351 milibus

218 364 257 396 In
282 363 415 397 fioribus
441 367 475 397 et
498 365 668 401 fructibus,

284 489 330 521 In
355 491 389 524 2.
414 488 649 523 Nocturno.

382 563 579 600 Antiphonae.

186 647 193 654 .
220 620 305 653 Dum
329 631 467 663 sponsae
489 624 597 664 placet
620 624 779 656 thalamus

268 669 478 710 Thronusque
503 671 671 713 castitatis,

220 715 277 748 Fit
302 718 369 750 eius
394 718 501 758 lingua
527 719 667 752 calamus

270 764 455 806 Scriptricis
482 767 639 800 veritatis

187 847 193 854 .
222 821 276 854 Ad
281 831 406 855 oremus
431 824 610 856 adiutorem

269 869 423 902 Nostrum
448 874 582 911 propter
607 871 764 913 prodigia,

222 916 306 949 Nam
331 917 368 949 fit
395 917 497 950 doctis
522 919 556 950 in
581 921 744 959 stuporem

271 964 396 1006 Sponsa
419 965 553 1006 loquens
578 968 743 1006 mysteria.

221 1022 292 1055 Rex
318 1031 458 1054 summus
483 1031 632 1063 sponsam
652 1023 782 1055 dedicat

269 1069 308 1101 In
333 1079 424 1101 suum
447 1070 698 1111 tabernaculum,

214 1116 277 1149 Per
302 1126 396 1157 quam
421 1125 530 1150 servos
554 1117 708 1151 laetificat

268 1165 447 1204 Propinans
473 1165 558 1197 vitae
582 1166 740 1204 poculum.

357 1240 566 1274 Responsoria.

220 1298 331 1330 Mariti
356 1299 431 1338 post
455 1297 623 1338 exsequias

221 1345 275 1378 Ad
300 1344 465 1377 iterandas
490 1344 619 1385 nuptias

269 1392 411 1425 Nolebat
436 1392 608 1433 inquinari,

222 1440 260 1473 In
285 1441 428 1472 vestibus
455 1439 626 1472 humilibus

222 1487 296 1520 Non
320 1488 430 1520 horret
456 1497 476 1519 a
499 1487 662 1520 nobilibus

265 1535 427 1575 Despecta
452 1535 616 1575 reputari3

218 1582 417 1616 Conversans
442 1583 548 1615 adhuc
573 1584 699 1615 saeculo

218 1630 272 1663 Sic
297 1631 386 1675 vixit,
415 1631 506 1671 quasi
531 1631 659 1663 vinculo

268 1678 419 1711 Subiecta
443 1678 593 1719 regulari.

218 1736 353 1769 Relictis
379 1735 444 1768 suis
471 1734 628 1777 omnibus,

218 1783 330 1826 Domo,
357 1784 621 1826 possessionibus,

265 1832 387 1864 Amicis
414 1833 446 1863 et
471 1831 614 1871 cognatis

219 1879 265 1913 Ut
289 1880 455 1912 Abraham
481 1879 654 1912 oboediens

217 1928 355 1961 Romam
380 1928 478 1967 venit,
506 1936 561 1960 cor
586 1927 705 1959 iaciens

263 1977 300 2009 In
326 1985 421 2008 manu
445 1976 593 2015 deitatis;

215 2024 304 2058 Loca
328 2027 510 2057 sanctorum
539 2023 652 2055 circuit

218 2072 466 2112 Gaudenterque
491 2071 644 2104 sustinuit

265 2120 431 2153 Caminum
454 2119 666 2161 paupertatis.

216 2178 362 2211 Romana
385 2177 423 2211 fit
446 2178 581 2210 ecclesia

217 2226 362 2266 Sponsae
388 2225 509 2260 Christi
534 2225 673 2258 nutricia

263 2274 411 2307 Amantis
438 2274 627 2314 castitatem,

217 2322 302 2355 Dum
327 2323 385 2355 sub
411 2322 556 2363 magistri
583 2320 689 2353 ferula

216 2370 314 2411 Degit
340 2371 477 2412 simplex
505 2369 664 2410 discipula

266 2418 432 2460 Tenetque
455 2421 689 2460 paupertatem,

200 2479 316 2506 Blume.
332 2478 455 2503 Historiae
469 2477 626 2507 rhythmicae.
654 2478 684 2501 V.

838 225 877 260 V.
909 223 1025 256 Servat
1050 223 1285 257 oboedientiam

909 271 1091 305 Subiectam
1116 281 1206 304 suam
1231 270 1396 311 propriam

957 320 1152 359 Relinquens
1177 319 1384 352 voluntatem.

973 463 1021 494 In
1047 463 1078 496 3.
1105 461 1337 494 Nocturno.

1057 564 1254 600 Antiphonae.

877 658 884 666 .
910 632 978 664 Rex
1005 633 1087 672 Iesu,
1117 632 1210 664 docet
1233 631 1369 672 gloriam

911 679 1087 720 Servatque
1111 679 1350 712 sanctimoniam

958 728 1062 759 Purae
1086 726 1304 767 confessionis,

909 775 1089 807 Annuntiat
1112 775 1243 813 iudicia,

910 823 998 862 Quae
1023 823 1139 855 dantur
1163 823 1296 862 propter
1321 821 1401 853 vitia

958 871 1134 903 Perversae
1158 869 1307 902 nationis.

876 973 883 980 .
907 945 964 977 Fit
988 945 1066 977 tuba
1089 944 1151 976 Dei
1178 944 1306 976 ductilis

908 992 1033 1032 Sponsa
1058 991 1176 1024 Christi
1202 991 1360 1032 amabilis,

957 1039 1043 1072 Dum
1067 1039 1236 1071 malleatur
1260 1039 1387 1078 ictibus,

957 1085 1100 1126 IeiuniiS,
1127 1086 1300 1119 laboribus,

874 1190 881 1197 .
909 1161 1045 1194 Cantate
1067 1161 1137 1193 Deo
1165 1162 1322 1194 canticum

959 1210 1019 1242 Pro
1047 1209 1129 1242 dono
1155 1209 1295 1251 pietatis,

908 1257 967 1296 Qui
991 1256 1139 1297 spiritum
1164 1256 1387 1297 propheticum

959 1305 1104 1344 Sponsae
1130 1303 1261 1337 donavit
1285 1305 1396 1344 gratis.

1051 1407 1262 1444 Responsoria.

875 1502 882 1510 .
908 1476 1057 1508 Visiones
1082 1475 1255 1512 mirabileS,

912 1523 1085 1566 Amabiles,
1113 1522 1275 1555 terribiles

958 1571 1079 1603 Romae
1105 1571 1220 1603 sedens
1247 1568 1430 1611 conscribit,

915 1618 1040 1650 Mariae
1065 1627 1124 1658 per
1148 1617 1299 1657 suffragia

914 1666 1031 1699 Oblata
1054 1666 1117 1698 sibi
1144 1666 1250 1698 dulcia

958 1714 1077 1747 Divina
1100 1714 1176 1745 vina
1200 1712 1302 1754 bibit;

870 1788 877 1795 .
908 1761 993 1794 Dum
1017 1762 1128 1794 visitat
1152 1761 1304 1802 reliquias

956 1810 1002 1842 Et
1024 1809 1137 1842 limina
1162 1811 1353 1848 sanctorum,

911 1858 1099 1898 Gomportat
1121 1856 1338 1898 indulgentias

958 1906 1106 1947 Opesque
1129 1906 1325 1939 meritorum.

876 2010 883 2017 .
908 1982 1090 2015 Virtutibus
1116 1981 1289 2022 proficiens

911 2030 1063 2063 Gressum
1088 2033 1195 2062 movet
1219 2030 1429 2070 progrediens

958 2078 1056 2111 Ultra
1079 2078 1289 2118 peregrinari,

910 2127 964 2159 Ad
989 2126 1165 2160 Ierusalem
1188 2128 1351 2170 properat,

909 2174 977 2208 Ubi
1003 2176 1089 2208 Deus
1115 2175 1307 2213 permiserat

959 2222 1001 2255 Se
1025 2222 1145 2255 nudum
1170 2222 1349 2262 immolari3

870 2297 878 2305 .
909 2270 993 2303 Dum
1017 2270 1201 2312 sepulcrum
1225 2270 1366 2302 velocius

959 2317 1004 2350 Et
1028 2319 1099 2351 loca
1124 2318 1283 2358 passionis

911 2367 1086 2409 Percurrit,
1115 2367 1304 2399 cumulatius

958 2415 1104 2456 Augetur
1128 2414 1191 2448 Dei
1217 2415 1319 2451 donis.

1263 2470 1294 2500 l]
