1653 2567
650 152 696 157 —
745 129 908 166 284-

199 234 366 266 Erasmum
391 230 527 262 fustibus
551 229 691 271 mactari,

203 281 354 313 Tortores
376 287 475 310 novos
503 280 553 308 ter
575 276 702 314 mutari,

205 328 268 360 Sed
293 328 380 360 nulla
403 327 551 365 torquent
574 323 725 363 verbera3

165 401 172 408 .
202 376 241 408 In
268 375 360 407 dorso
386 373 450 404 eius
476 371 676 404 fabricabant

204 424 401 461 Peccatores,
426 419 658 460 prolongabant

203 470 405 509 Iniquitatem
431 467 581 499 criminis,

266 564 312 595 In
337 564 368 597 2.
394 561 582 593 Nocturn
593 569 621 593 0.

343 625 535 661 Antiphonae.

170 710 178 717 .
204 683 346 723 Plumbo,
370 682 451 724 pice,
479 690 561 724 cera,
586 682 658 722 igne

205 730 352 762 Sanctum
380 731 410 760 et
435 727 639 768 perfundunt,

202 777 317 817 Angeli
341 777 401 808 Dei
428 776 484 807 sed
510 776 666 816 astabant,

203 824 261 863 Qui
285 826 473 855 tormentum
497 822 694 862 mitigabant.

145 882 176 912 2.
198 880 356 911 Psalmum
381 878 448 910 Deo
475 879 548 910 dum
574 878 731 920 cantabat,

205 927 362 959 Christum
386 926 467 957 votis
491 925 700 964 impulsabat:

201 973 354 1005 Mortalia
378 975 511 1014 tuorum,
538 972 682 1008 Domine,

202 1020 289 1052 Dant
313 1028 472 1052 servorum
497 1019 599 1051 brutis
621 1022 737 1050 terrae.

171 1104 177 1110 .
206 1077 325 1108 Terrae
348 1079 449 1107 motus
473 1075 649 1112 invalescit,

203 1123 265 1155 Pro
295 1132 354 1163 quo
381 1121 497 1153 Caesar
519 1122 748 1165 pertremescit7

203 1171 316 1209 Populi
339 1178 414 1209 pars
439 1169 524 1208 perit
547 1169 693 1208 maxima,

202 1217 284 1248 Dum
310 1219 475 1248 coruscant
499 1215 640 1249 fulmina.

337 1291 542 1324 Responsoria.

170 1363 177 1370 .
203 1338 325 1370 Furore
350 1338 465 1370 Caesar
488 1335 709 1377 inflammatur,

200 1385 244 1417 Et
268 1386 317 1418 vir
341 1387 467 1416 sanctus
491 1385 716 1428 incarceratur,

202 1433 325 1471 Imponi
353 1431 440 1463 iubet
463 1432 627 1471 sexaginta

201 1479 333 1518 Corpori
358 1478 435 1510 ferri
460 1478 602 1518 pondera

199 1526 244 1557 Et
268 1533 423 1557 carcerem
448 1525 552 1564 signat
575 1527 701 1565 annulo,

164 1597 171 1604 .
202 1572 251 1604 Ne
275 1573 343 1612 quis
367 1575 472 1612 potum
501 1572 591 1604 daret
615 1574 653 1615 ei,

202 1619 316 1651 Sancto
340 1619 483 1661 Erasmo,
507 1620 575 1652 viro
599 1620 670 1654 Dei.

169 1701 176 1707 .
201 1675 302 1707 Nocte
323 1678 447 1707 sanctus
472 1676 672 1717 exclamavit,

202 1722 379 1765 Christum,
413 1731 502 1761 quem
530 1727 631 1763 amat,
657 1725 745 1756 invo-

523 1771 622 1801 cavit:

200 1816 339 1859 Festina,
366 1822 420 1855 ait,
446 1817 519 1848 Iesu
543 1817 678 1858 Christe,

202 1863 251 1894 Ne
275 1864 426 1903 glorietur
449 1864 546 1895 iudex
570 1865 631 1896 iste

200 1910 237 1942 In
262 1911 360 1942 servis
386 1909 532 1942 fidelibus

161 1984 168 1990 .
199 1957 241 1989 Et
267 1958 353 1989 dicat
375 1959 460 1997 genti
485 1959 689 1998 populorum:

202 2004 264 2036 Ubi
289 2014 372 2037 nunc
397 2008 445 2036 est
468 2005 554 2037 Deus
580 2015 685 2038 eorum
695 2008 711 2038 ’.θ

144 2069 173 2093 ·.
199 2060 247 2091 Tu
272 2061 353 2092 alter
378 2069 410 2091 es
435 2062 487 2100 qui
511 2064 654 2102 pascitur

198 2107 287 2138 Elias
314 2112 345 2139 et
367 2107 508 2140 reficitur

244 2157 274 2185 A
301 2164 394 2187 corvo
418 2156 451 2187 in
477 2165 591 2198 eremo,

199 2201 257 2239 Qui
282 2204 428 2235 mundum
456 2202 578 2244 fugiens
606 2206 725 2237 deserit.

198 2247 242 2279 Et
265 2248 375 2281 adfatu

247 2296 366 2328 solatur
391 2298 542 2337 angelico.

129 2341 165 2374 V.
197 2343 291 2375 Panis
321 2344 350 2375 ei

247 2390 423 2423 destinatur
448 2393 593 2433 caelicus,

880 223 950 265 Quo
976 221 1117 255 reficitur

924 273 959 304 in
983 278 1089 303 eremo
1114 268 1290 302 famelicus.

939 398 984 430 In
1010 397 1041 430 3.
1067 393 1301 426 Nocturno.

1023 467 1218 504 Antiphonae.

845 554 853 562 .
880 526 1070 569 Liquefacta
1095 529 1144 558 est
1165 528 1202 557 ut
1226 534 1300 557 cera

878 576 1022 612 Ferrum,
1047 574 1194 614 angelus:
1222 573 1347 605 sincera

880 624 947 663 Ope
971 623 1040 663 tibi,
1067 620 1178 662 frater,
1205 624 1273 652 asto

878 671 987 710 Teque
1011 679 1030 702 a
1054 668 1164 710 poenis
1190 668 1343 700 custodio.

845 751 851 757 .
878 727 937 766 Qui
963 735 1031 757 cum
1056 724 1171 765 gaudio
1196 727 1273 756 tunc
1294 724 1435 756 surrexit

878 774 923 805 Et
948 782 1017 805 cum
1042 772 1153 812 angelo
1178 781 1251 803 mox
1277 772 1429 814 perrexit,

879 822 916 853 ln
941 820 1087 853 Lucredo
1118 819 1289 861 civitatem,

878 868 941 900 Ubi
975 867 1082 900 docuit
1108 866 1227 899 Christi
1252 867 1431 898 veritatem.

845 950 852 956 .
879 923 1071 956 Defunctum
1097 924 1202 955 vivum
1228 924 1406 963 suscitavit,

878 972 1005 1012 Ingenti
1029 979 1107 1004 voce
1132 971 1185 1010 qui
1211 971 1376 1002 clamavit:

880 1019 985 1058 Pater,
1011 1027 1118 1050 omnes
1143 1026 1200 1049 nos
1227 1026 1378 1058 erramus,

878 1065 983 1097 Vanos
1011 1066 1086 1097 deos
1109 1065 1162 1105 qui
1187 1065 1365 1100 adoramus,

1021 1140 1227 1174 Responsoria„

843 1222 849 1229 .
877 1197 992 1229 Divino
1016 1198 1105 1229 iussu
1129 1196 1296 1228 suscitavit

874 1243 1067 1276 Defunctum
1079 1246 1198 1283 natum,
1214 1252 1305 1283 quem
1319 1245 1427 1285 plora—

1204 1291 1251 1322 vit

925 1339 984 1370 Vir
1008 1347 1138 1377 magnus
1163 1338 1364 1382 Anastasius,

878 1385 961 1417 Dum
985 1386 1138 1417 Erasmus
1161 1386 1360 1424 praedicavit

877 1433 980 1465 Iesum
1002 1432 1173 1471 Christum,
1201 1441 1292 1472 quem
1314 1434 1434 1465 amavit

924 1480 987 1512 Hic
1011 1482 1133 1518 martyr
1159 1480 1302 1520 eximius,

837 1552 844 1559 .
873 1527 982 1558 Flexis
1007 1526 1140 1568 genibus
1164 1527 1278 1559 orabat

874 1574 920 1605 Et
945 1573 1064 1607 Christi
1087 1582 1201 1605 nomen
1227 1575 1398 1607 invocabat

921 1622 1057 1654 Dicens:
1083 1630 1176 1662 surge
1200 1631 1348 1662 propere,

840 1704 846 1710 .
874 1678 980 1710 Gemit
1003 1678 1063 1710 Dei
1089 1679 1210 1710 athleta

873 1726 986 1757 Mundi
1012 1735 1132 1766 pompa
1157 1729 1276 1766 spreta,

875 1772 957 1804 Dum
982 1774 1109 1805 iubetur
1135 1783 1154 1805 a
1180 1774 1317 1806 Caesare

876 1821 967 1853 Vana
990 1821 1078 1854 idola
1104 1822 1217 1861 colere,

875 1868 1030 1908 Martyris
1056 1868 1175 1901 Christi
1206 1870 1280 1901 dum
1307 1871 1434 1910 aspexit

876 1914 1015 1956 Faciem,
1044 1918 1175 1948 daemon
1203 1918 1310 1949 statim
1338 1919 1414 1960 exit,

877 1962 936 2001 Qui
962 1964 1067 2004 coepit
1091 1968 1214 2003 gentem
1241 1966 1389 2006 laedere3

876 2009 999 2042 Clamat
1023 2012 1178 2051 populus:
1205 2012 1322 2045 Pastor
1339 2014 1431 2055 bone,

876 2057 925 2088 Ne
949 2067 1126 2098 pereamus,

921 2106 1012 2138 salva
1036 2114 1092 2138 nos
1118 2116 1134 2138 a
1163 2107 1311 2142 dracone.

835 2176 841 2183 .
876 2152 988 2185 Pastor
1013 2155 1084 2193 pius
1107 2157 1144 2185 ut
1167 2155 1269 2195 ignita

878 2200 1012 2232 Indutus
1038 2204 1144 2234 exstat
1166 2203 1323 2243 polimita,

874 2246 1055 2290 Refrigeria

922 2304 995 2327 mox
1021 2297 1165 2335 angelica
1189 2299 1299 2330 sensit.

821 2352 851 2383 3.
879 2352 937 2391 Qui
963 2352 1032 2385 Deo
1058 2362 1154 2392 agens
1180 2355 1300 2394 gratias

878 2399 1004 2432 Christo
1029 2409 1107 2433 voce
1131 2402 1316 2442 magnifica:
