1653 2567
722 93 955 128 -13-

192 190 224 222 4.
252 187 375 228 Gaude,
403 189 537 228 caelum,
565 190 661 230 terra,
680 190 809 229 plaude,

253 235 376 268 Chorus
401 235 535 274 speciali
560 235 657 269 laude

252 282 434 322 Martyrum
458 286 709 322 purpuratorum

251 329 373 371 Regem
397 330 510 363 laudet
534 330 734 363 saeculorum

250 377 302 409 De
327 380 496 418 augmento
522 377 681 410 sociorum

248 425 432 465 Martyrum
457 425 682 466 pretiosorum,

251 473 335 512 Quos
360 473 458 505 hodie
481 473 627 505 Christus
654 474 781 506 vocavit

249 520 294 552 Et
317 520 353 553 in
378 521 477 553 caelis
503 520 679 553 coronavit.

213 595 220 603 .
255 569 280 601 O
307 569 448 609 benigna

297 616 381 657 legio
406 617 601 656 sanctorum,

253 664 321 696 Nos
348 664 536 696 commenda

298 712 367 752 regi
393 713 589 753 angelorum.

309 809 357 841 In
386 810 417 842 3.
439 807 676 841 Nocturno.

395 881 442 911 Ad
465 883 597 912 Cantica.

214 970 220 976 .
252 941 364 974 Laetis
391 950 541 974 canamus
566 943 726 976 mentibus

300 990 363 1022 Tot
387 990 534 1030 paradisi
558 991 651 1033 rosis,

253 1037 331 1069 Plus
357 1037 501 1070 balsamo
524 1036 749 1082 fraglantibus‚

301 1085 381 1117 Plus
407 1093 485 1117 auro
511 1086 676 1126 speciosiS,

252 1133 312 1172 Qui
336 1135 524 1165 meruerunt
548 1133 679 1166 vincere

298 1181 458 1213 Mundum
488 1182 591 1213 erucis
617 1191 719 1223 agone

233 1229 447 1269 'Christoque
470 1231 606 1261 mortem
631 1230 772 1263 reddere

302 1275 467 1309 Conformi
491 1277 652 1318 passione.

388 1353 601 1388 Responsoria.

195 1411 225 1444 1.
253 1410 338 1444 Dum
363 1410 505 1444 libarent
530 1411 663 1444 calicem

298 1457 386 1491 fellis
413 1460 446 1490 et,
470 1460 565 1502 aceti,

250 1505 499 1548 Transfiguntur
528 1508 650 1540 lanceis

297 1555 331 1587 in
356 1563 459 1595 agone
481 1556 572 1596 laeti,

249 1602 511 1643 Repraesentant
535 1603 657 1635 animas

300 1653 452 1683 aeternae
477 1651 587 1692 quieti.

210 1726 217 1733 .
252 1699 422 1734 Venientes
454 1699 584 1732 venient
608 1708 683 1731 cum
708 1700 811 1733 eonsul-

249 1747 374 1780 tatione
407 1750 580 1788 portantes
621 1747 813 1789 manipulos

250 1805 337 1829 suos.

215 1881 223 1888 .
249 1853 489 1888 Distenduntur
514 1853 549 1885 in
574 1861 680 1894 cruce,

299 1902 520 1934 dissolvuntur
544 1911 654 1942 venae,

251 1950 378 1984 Cedunt
400 1949 487 1983 vires
514 1950 652 1994 vividae,

297 1998 493 2039 temporales
519 2008 642 2038 poenae

251 2047 333 2081 Sunt
357 2049 508 2087 respectu
531 2047 655 2087 gloriae

297 2096 444 2136 perpetis
467 2103 631 2128 amoenae.

211 2170 218 2178 .
249 2142 284 2177 A
302 2143 428 2184 planta
446 2142 544 2184 pedis
564 2152 668 2183 usque
684 2142 731 2175 acl
744 2151 813 2174 ver-

249 2193 345 2226 ticem
372 2201 443 2225 non
468 2193 514 2225 est
538 2191 578 2224 {n
602 2192 648 2224 eis
672 2189 813 2232 sanitas,

246 2240 368 2274 vulnus
403 2242 432 2273 et
458 2239 542 2273 livor
567 2240 598 2272 et
615 2239 739 2280 plaqae
763 2240 814 2271 tu-

247 2292 381 2322 memes.

195 2349 226 2381 3.
253 2346 403 2382 illibatas
430 2343 530 2378 facies

298 2395 449 2429 vitiorum
473 2394 541 2429 luto

881 1767 914 1799 4.

871 2247 913 2280 A.

942 187 1096 231 Caedunt,
1125 189 1241 228 velant,
1267 188 1436 228 inquinant

988 235 1096 268 hostes
1121 235 1183 267 Dei
1207 238 1312 277 sputo,

942 282 1062 322 Spinae
1085 285 1172 315 serto
1198 283 1306 322 capita

991 333 1160 362 cruentant
1183 335 1288 363 acuto.

942 377 1123 418 Infirmata
1164 380 1210 410 est
1240 378 1275 410 ’ἐν
1303 378 1502 418 paupertate

940 425 1044 457 virtus
1070 434 1198 465 corum,
1234 428 1262 458 et
1287 424 1401 457 omnia
1426 433 1501 456 ossa

943 481 1056 505 eorum
1081 472 1274 506 conturbata
1298 474 1384 505 smzt.

910 555 917 562 .
942 530 1058 569 Aversa,
1083 529 1179 562 fiores
1202 532 1388 573 martyrum,

992 578 1136 610 Phalanx
1162 578 1364 617 electissima,

943 625 1160 658 Pretiosorum
1185 626 1322 657 militum

995 672 1117 705 Cohors
1142 673 1415 713 splendidissima,

944 720 1031 754 Ante
1056 721 1204 753 thronum
1230 720 1384 753 trinitatis

944 770 1072 810 Agnum
1098 770 1220 801 stantes
1245 768 1388 801 adoratis

992 818 1070 851 Cum
1090 817 1207 857 palmis
1232 816 1430 850 victricibus

944 865 1013 898 Nos
1045 866 1158 897 tantae
1189 867 1313 897 vestrae
1337 864 1504 905 felicitatis

945 912 1045 954 facite
1063 912 1252 953 participes,

1041 1027 1057 1059 Ι
1066 1037 1087 1059 n
1111 1026 1140 1059 L
1150 1036 1198 1059 au
1209 1027 1248 1058 (li
1257 1027 1277 1059 b
1287 1036 1307 1058 u
1316 1036 1342 1060 s.

1088 1102 1286 1138 Antiphonae.

911 1186 918 1194 .
945 1161 1102 1194 Dominus
1126 1169 1185 1192 rex
1209 1162 1369 1200 martyres

992 1208 1099 1241 induit
1122 1208 1280 1247 decorem,

944 1256 1003 1296 Qui
1029 1266 1119 1288 suum
1144 1266 1204 1296 pro
1230 1256 1367 1289 Domino

991 1303 1147 1337 fuderunt,
1175 1313 1331 1338 cruorem.

942 1361 1063 1395 Iubilet
1087 1361 1242 1394 altissimo

992 1410 1130 1442 circulus
1155 1409 1361 1442 monarchiae

941 1459 1005 1490 Tot,
1031 1458 1165 1490 micanti
1189 1457 1297 1490 sidere

990 1504 1141 1546 perfusus
1164 1505 1227 1537 hac
1253 1506 1314 1539 die.

941 1563 1172 1595 Adhaescrunt
1195 1566 1353 1604 martyres

990 1612 1065 1651 post
1088 1613 1131 1652 te,
1167 1611 1241 1643 Iesu
1265 1611 1359 1652 bone,

945 1659 1163 1692 Consummati
1187 1662 1322 1699 propter
1347 1662 1380 1691 te

992 1707 1096 1739 crucis
1119 1708 1279 1748 passione.

940 1764 1141 1803 Benedicant
1162 1765 1300 1798 Domino

991 1821 1099 1845 omnes
1126 1816 1302 1855 creaturae,

942 1862 1032 1902 Quae
1056 1870 1244 1902 compassae
1267 1860 1397 1894 fuerant

990 1912 1169 1951 martyrum
1195 1912 1349 1942 torturae.

908 1995 915 2001 .
943 1968 1072 2001 Laudes
1098 1970 1216 2000 canant
1242 1967 1379 2000 Domino

990 2016 1060 2056 regi
1084 2016 1284 2048 saeculorum

943 2064 1021 2097 Cum
1051 2064 1153 2096 turbis
1178 2062 1330 2103 angelicis

991 2121 1112 2152 organa
1135 2113 1329 2144 sanctorum.

1056 2186 1103 2216 Ati
1122 2186 1309 2216 Benedictus.

943 2245 1137 2279 Benedictus
1161 2254 1206 2290 es7
1230 2245 1378 2289 Domine,

943 2294 1004 2335 Qui
1028 2293 1223 2326 transtulisti
1248 2294 1345 2328 hodie

944 2341 1158 2376 Candidatum
1182 2344 1358 2376 exercitum

943 2390 997 2424 Ad
1024 2391 1161 2424 caeleste
1185 2392 1340 2433 palatium
