1653 2567
728 190 989 224 —160—

277 287 354 320 Cum
380 287 477 319 corde
501 288 604 319 Iesum
630 286 741 318 humili
1022 284 1067 317 In
1092 285 1123 317 1.
1146 284 1375 317 Nocturno.

323 335 483 368 Christum
507 334 547 367 ab
574 334 664 366 annis
688 332 807 364 teneris
1161 371 1168 376 Ι

370 382 531 422 Quaesivit
556 384 588 413 et
612 381 738 414 amavit.
1099 369 1296 405 Anuphonae.

217 441 249 473 3.
274 439 322 472 Ut
344 439 494 478 Raguelis
521 437 585 470 filia
899 438 929 470 1.
954 437 1006 469 Ex
1031 446 1086 469 ore
1111 445 1246 476 sponsae
1270 436 1425 476 simplicis

274 486 347 518 Non
372 495 439 517 cum
467 486 569 516 earnis
594 483 735 522 lascivia,
1004 484 1155 526 Laudem,
1181 484 1280 524 Deus,
1307 483 1421 524 fecisti,

320 534 383 566 Sed
408 541 466 574 pro
491 532 591 571 prolis
616 539 723 563 amoro
955 533 1054 572 Quam
1077 532 1182 564 verbis
1207 532 1293 564 vitae
1316 530 1460 571 mysticis

276 580 396 620 Nupsit
419 580 527 619 puella
550 578 666 610 nobilis
1004 579 1189 611 Soribendis
1213 578 1403 612 instruxisti.

273 628 359 670 Viro,
389 628 462 659 dum
488 630 570 658 esset
594 625 723 668 nubilis,

320 675 398 707 Cum
423 674 550 706 Domini
576 674 699 704 timore.

215 733 247 766 4.
274 731 481 771 Prophetissa
506 731 546 762 de
570 730 684 762 Suecia

272 778 381 820 Surgit
402 781 515 820 potens
539 779 572 809 in
599 777 703 818 gratia

319 827 424 858 Dante
448 825 516 857 Deo
544 826 683 862 deorum,

897 657 928 689 2.
957 656 1048 688 Cives
1073 658 1206 687 narrant
1229 655 1365 696 angelici

1004 703 1145 743 Sponsae
1170 712 1284 742 magna
1307 702 1471 742 mysteria,

959 750 1138 790 Consoripti
1158 750 1234 781 libri
1260 749 1371 781 caelici

1003 797 1125 830 Sonant
1147 806 1207 838 per
1232 797 1318 829 orbis
1344 796 1458 836 spatia.

273 874 332 913 Qui
356 872 509 905 Israelem
534 872 635 905 sociat
897 876 927 908 3.
954 874 1111 906 Ascendit
1133 874 1249 905 mentis
1274 873 1386 912 ardua,

272 921 472 961 Dispersum,
497 923 534 952 ut
555 920 709 952 resarciat
953 922 1042 954 Bibit
1065 920 1163 953 fontis
1188 921 1309 961 irrigua

318 968 455 1000 Ruinam
477 968 670 1007 angelorum.
1003 970 1065 1001 Per
1091 968 1400 1008 contemplationem,

216 1026 246 1058 5,
272 1025 452 1057 Laudemus
476 1024 579 1056 Deum
604 1025 734 1064 gloriae,
953 1015 1018 1049 Pel·
1042 1017 1126 1048 hant:
1151 1016 1292 1047 canalem
1316 1015 1423 1048 dUlGia

274 1072 332 1111 Qui
357 1072 488 1104 verbum
514 1072 729 1111 paenitentiae
956 1064 1064 1097 Verba
1089 1062 1192 1095 fluunt
1217 1063 1370 1096 donantia

320 1120 382 1151 Per
404 1128 553 1159 sponsam
580 1118 759 1157 destinavit,
1001 1112 1088 1144 Valli
1111 1111 1338 1151 irrigationem.

276 1166 383 1199 Currit
407 1175 510 1198 sermo
534 1166 697 1206 velociter,

272 1214 387 1254 Frigus
413 1213 504 1254 fugit,
532 1216 564 1244 et
586 1213 719 1253 largiter
1097 1214 1305 1249 Responsoria.

321 1261 427 1293 1mbes
450 1261 565 1292 mentis
590 1261 715 1300 sigaVit·
899 1273 929 1306 1.
956 1273 1026 1304 Rex
1051 1281 1160 1312 regum
1184 1281 1272 1303 suum
1300 1272 1460 1303 hortulum

954 1319 1008 1351 Ad
1034 1319 1189 1359 aquilonis
1215 1319 1363 1359 angulum

390 1349 437 1376 Ad
457 1348 637 1384 Magnifica‘t.
1004 1367 1042 1399 In
1068 1366 1181 1398 Suecia
1202 1366 1371 1406 plantavit,

202 1416 243 1449 A.
276 1417 301 1448 O
327 1416 405 1447 tuba¹
428 1416 530 1447 saneti
552 1414 699 1455 flaminis,
955 1414 1038 1446 Dum
1063 1414 1175 1454 spinae
1199 1414 1326 1453 replent
1341 1414 1512 1456 hortulum,

274 1464 392 1496 Canale
418 1463 497 1494 caeli
519 1463 668 1502 fluminis,
954 1462 1025 1494 Rex
1048 1462 1124 1493 inde
1148 1461 1224 1492 tulit
1246 1461 1407 1492 surculum

322 1510 447 1550 Sponsa
470 1510 554 1550 regis
580 1510 749 1550 caelorum,
1003 1509 1048 1541 Et
1073 1510 1205 1541 Romam
1229 1508 1482 1550 transportavit3

274 1558 418 1598 Brigffla,
446 1558 532 1589 clara
556 1566 681 1597 genere,
886 1555 928 1589 V.
960 1557 997 1589 In
1023 1556 1119 1588 vitem
1139 1565 1286 1596 magnam
1310 1556 1455 1587 surculus

274 1605 353 1637 Esto
381 1614 449 1636 cum
474 1614 604 1644 precum
628 1613 759 1636 munere
1007 1603 1114 1636 Crevit
1140 1612 1178 1634 ex
1202 1603 1236 1634 vi
1261 1603 1425 1644 donorum,

325 1653 493 1685 Advocata
516 1662 651 1686 reorum.
958 1651 1051 1683 Nunc
1074 1651 1158 1683 bibit
1181 1653 1288 1682 terrae
1311 1651 1449 1690 populus

278 1701 375 1740 Quam
404 1700 504 1732 dulcis
531 1709 575 1741 es,
601 1709 618 1731 o
643 1700 781 1741 trinitas,
1005 1699 1121 1730 Vinum
1146 1698 1350 1738 eloquiorum.

320 1748 359 1780 In
384 1748 446 1779 tuis
471 1748 589 1780 sanctis
616 1747 716 1790 donis⁷

276 1795 335 1834 Qui
360 1794 438 1826 fines
462 1795 601 1826 lustrans
627 1794 738 1826 visitas

322 1842 528 1882 Longinquae
551 1842 688 1873 nationis

278 1889 322 1921 Et
345 1889 578 1929 prophetissam
602 1890 736 1921 suscitas

323 1937 378 1969 Ad
402 1937 486 1968 latus
511 1937 688 1977 Aquilonis,

278 1985 302 2017 O
328 1984 479 2016 miserere
503 1985 639 2026 miseris,

276 2032 345 2064 Nos
370 2041 509 2072 purgans
534 2033 629 2064 sorde
653 2032 794 2070 sceleris,

320 2079 378 2119 Qui
405 2080 484 2111 caeli
510 2088 622 2119 praees
644 2079 779 2112 thronis,

900 1777 932 1807 2.
960 1776 983 1808 O
1009 1775 1092 1816 Iesu,
1118 1783 1173 1806 rex
1200 1774 1358 1814 aetheree,

957 1823 1115 1855 Restaura
1137 1831 1229 1862 sepes
1255 1822 1376 1861 vineae,

1008 1869 1162 1902 Custodes
1189 1870 1230 1901 da
1254 1879 1426 1909 murorum,

962 1917 1105 1957 Brigida,
1132 1917 1238 1956 proles
1264 1916 1407 1956 Sueeiae,

960 1965 1124 1996 Romanae
1148 1965 1260 2004 planta
1285 1965 1449 2006 ecclesiae,

1009 2012 1074 2045 Ora
1097 2021 1202 2052 regem
1229 2012 1397 2054 caelorum,

889 2061 928 2093 V.
959 2059 1005 2092 Ut
1027 2060 1152 2092 vineam
1176 2059 1362 2091 reaedificet

962 2107 1007 2140 Et
1031 2107 1104 2139 vino
1129 2116 1187 2139 nos
1212 2106 1365 2141 laetificet

1008 2155 1186 2187 Verborum
1213 2155 1401 2188 divinorum.

344 2193 407 2225 Ad
431 2193 699 2226 Matutinum.

905 2233 936 2265 3.
962 2230 1077 2273 Maria,
1105 2239 1189 2271 pone
1212 2230 1335 2271 vigiles,

412 2269 628 2296 Invitatorium.
963 2279 1022 2318 Qui
1046 2277 1146 2310 fortes
1171 2278 1235 2309 sint
1260 2282 1293 2310 et
1315 2279 1439 2320 pugiles

279 2326 445 2359 Laudetur
469 2326 531 2359 Dei
553 2327 657 2368 gratia
963 2327 1015 2359 Ad
1041 2326 1231 2358 excolendos
1254 2326 1409 2370 hortulos,

327 2374 390 2406 Pro
415 2384 541 2418 sponsa,
568 2384 661 2415 quam
685 2375 813 2415 amavit,
963 2375 1119 2407 Tollendo
1144 2374 1263 2416 spinas
1290 2375 1445 2416 tribulos3

279 2421 336 2454 Gui
360 2431 418 2454 sua
440 2423 594 2463 mysteria
964 2422 1070 2463 Salve,
1095 2422 1196 2462 virgo,
1219 2420 1278 2454 flos
1304 2423 1474 2467 virginum,

324 2469 455 2504 Secreta
478 2471 641 2504 revelavit.
963 2471 1027 2504 Ora
1050 2480 1109 2511 pro
1134 2470 1226 2502 nobis
1251 2470 1433 2511 Dominum,
