1653 2567
658 103 897 139 „53ss

135 203 168 237 2.
196 201 399 236 contribules
425 203 457 233 et
482 202 637 242 concives,

241 249 297 289 qui
319 251 396 282 tunc
420 248 469 281 illi
493 249 640 288 aderant,

193 296 376 337 Nequivere
401 296 561 329 contraire

238 344 312 386 legi,
340 353 434 385 quam
461 343 652 378 didicerant.

132 404 163 435 3.
190 402 240 434 Ex
265 401 326 433 hoc
350 403 455 433 autem
480 399 654 441 opprobrio

194 449 335 482 Ioachim
360 448 472 489 pulsus
497 448 594 480 nimio

190 497 263 530 Una
291 505 362 528 cum
387 497 452 528 suis
478 495 590 527 bestiis

189 544 269 577 Mox
292 544 426 577 secessit,
449 544 482 576 in
505 543 644 584 pascuis

331 620 541 656 Responsoria.

137 670 168 703 1.
193 668 306 701 Firma
329 667 396 701 fide
419 667 522 700 fidens
549 667 645 700 crede

240 725 300 748 nec
323 716 367 749 sis
392 716 479 748 ultra
504 716 629 755 dubius,

191 765 271 797 Cum
295 764 485 805 praesertim
509 764 625 796 Annae
648 772 727 795 anus

237 812 301 845 iam
329 815 488 845 tumescat
509 814 630 852 uterus,

119 861 158 894 V.
186 859 267 900 Quia
290 859 378 892 Deus
403 861 527 894 vestros
552 859 625 900 pius

239 908 405 941 exaudivit
426 908 571 948 gemitus.

132 967 165 1001 2,
188 964 289 998 Vobis
314 973 439 1005 quoque
462 965 657 997 nascituram

240 1021 326 1045 nunc
350 1021 505 1052 praesago
532 1011 631 1044 filiam

192 1060 255 1093 Dei
278 1063 413 1093 matrem
438 1059 510 1093 fore
533 1063 667 1102 gratam,

235 1107 343 1147 specie
366 1108 626 1150 pulcherrimam,

151 1180 159 1187 .
195 1155 358 1187 Vocabitis
384 1156 467 1188 hanc
490 1155 639 1195 Mariam,

247 1203 353 1243 gratia
375 1202 554 1235 mirificam.

136 1281 167 1292 1.
194 1260 417 1294 Promiserunt
442 1264 474 1292 et
499 1262 664 1300 voverunt,

246 1308 275 1340 si
300 1308 356 1340 det
380 1308 425 1340 eis
450 1308 538 1340 Deus
562 1307 698 1350 protem,

200 1356 338 1389 Servitio
364 1356 431 1388 eius
456 1358 567 1388 saneto

245 1404 314 1436 sine
338 1402 401 1436 fine
425 1411 677 1445 permansuram,

154 1477 163 1484 ,
196 1451 240 1484 Et
264 1451 502 1491 mancipaturos
527 1451 618 1484 illam

246 1499 385 1532 sollicite
409 1499 671 1532 conservandam.

256 1585 303 1618 In
331 1586 362 1618 3.
388 1584 622 1618 Nocturna

344 1641 539 1677 Antiphonae.

166 1717 173 1725 .
199 1689 291 1722 Haec
315 1690 357 1722 ad
380 1699 483 1723 casam
512 1690 627 1723 exhinc
651 1699 740 1722 suam

245 1738 403 1779 repedare
427 1739 538 1777 noluit,

203 1785 286 1819 Nam
312 1786 452 1820 dedecus
477 1787 578 1827 magis
603 1790 635 1818 et
659 1786 734 1827 plus

244 1835 444 1876 augmentari
469 1835 583 1867 timuit.

164 1917 172 1923 ,
200 1892 345 1931 Quadam
371 1892 424 1925 die
447 1892 509 1925 soli
532 1892 632 1924 stanti

248 1941 380 1982 angelus
405 1940 558 1982 apparuit

198 1988 318 2022 Dicens
345 1989 392 2022 ei:
418 1987 497 2022 flere
520 1988 597 2029 noli,

248 2039 281 2069 te
306 2036 393 2072 Deus
419 2037 594 2072 exaudivit.

146 2096 177 2129 3.
205 2094 323 2128 Preces
348 2098 423 2129 tuae
447 2097 522 2127 sunt
545 2097 697 2135 acceptae

249 2143 283 2175 in
311 2146 483 2185 conspectu
510 2142 651 2184 Domini,

202 2190 276 2224 Non
302 2190 436 2237 dolebis,
465 2192 523 2225 sed
548 2191 704 2232 gaudebis

250 2239 400 2273 immunis
426 2239 602 2281 opprobrii.

337 2316 547 2354 Responsoria.

144 2366 177 2401 1.
203 2365 434 2406 Exprobrabat,
458 2368 491 2398 et,
516 2365 646 2399 dicebat

251 2413 336 2450 huno
359 2414 456 2447 valde
479 2422 696 2456 praesumere,

880 202 937 242 Qui
963 200 1109 233 fecundis
1134 199 1340 232 infecundum

926 257 961 281 se
987 248 1138 288 captabat.
1162 248 1294 289 iungere

808 296 847 330 V.
872 296 917 328 Et
940 299 1101 329 sacratum
1126 295 1208 336 legis
1233 296 1330 327 ritum

929 342 1143 377 contendebat
1167 343 1301 377 solvere.

822 403 854 434 2.
879 401 998 433 Preces
1022 402 1097 431 tuae
1121 401 1196 432 sunt
1220 402 1372 439 acceptae

927 449 959 480 in
988 451 1159 487 conspectu
1184 448 1325 488 Domini,

880 496 953 528 Non
981 495 1113 535 dolebis,
1141 496 1198 527 sed
1223 495 1377 536 gaudebis

925 543 1074 576 immunis
1099 542 1284 585 opprobrii3

808 590 848 624 V.
877 591 970 625 Uxor
993 594 1050 623 tua
1074 590 1143 623 Deo
1169 593 1261 631 grata

929 639 1088 680 concipiet
1113 642 1145 670 et
1168 639 1283 679 pariet.

822 699 854 731 3.
880 696 990 730 Prima
1014 698 1142 729 vestrae
1167 697 1270 737 gentis
1294 699 1408 738 mater,

927 744 1008 777 Sara
1034 744 1121 777 dicta
1144 744 1280 782 nomine,

880 792 934 826 Ad
960 793 1186 833 octogesimum
1212 801 1328 824 annum

927 841 1010 873 vixit
1033 841 1103 873 sine
1126 840 1246 879 sobole,

807 887 846 921 V.
879 887 925 920 Et
947 889 1041 921 Isaac
1065 892 1172 920 tamen
1196 887 1286 920 illam

929 934 1117 969 fecundavit
1141 936 1271 968 semine.

975 1041 1023 1073 In
1048 1040 1133 1073 Lau
1143 1041 1213 1074 dib
1224 1051 1244 1072 u
1254 1050 1279 1073 s.

1036 1097 1202 1134 Antiphone
1214 1107 1232 1125 ι,

825 1145 857 1180 1.
883 1145 960 1179 Cum
986 1145 1027 1177 ad
1052 1149 1178 1186 portam
1203 1146 1399 1186 perveneris,

931 1202 1024 1233 quam
1051 1194 1185 1226 dicimus
1212 1202 1351 1231 auream,

884 1240 1041 1280 Sponsam
1065 1244 1153 1274 tuam
1177 1251 1251 1275 mox
1275 1240 1411 1273 habebis

932 1290 1148 1330 ingressuram
1174 1289 1310 1323 obviam.

851 1372 858 1380 .
885 1346 958 1379 Non
982 1348 1127 1388 naturae,
1153 1346 1211 1379 sed
1235 1346 1361 1387 peccati

931 1394 1020 1426 ultor
1045 1396 1149 1427 exstat
1173 1394 1338 1438 Dominus,

886 1442 940 1475 Sic
964 1444 1088 1475 uterum
1115 1451 1184 1474 cum
1208 1442 1368 1476 interdum

934 1489 1074 1522 obstruit
1099 1490 1244 1531 alicuius,

885 1538 940 1570 Ad
964 1538 1026 1569 hoc
1050 1536 1139 1578 facit,
1165 1541 1202 1569 ut
1228 1540 1330 1571 denuo

934 1588 1103 1625 reparetur
1126 1586 1251 1619 melius.

855 1668 861 1674 .
888 1643 984 1675 Anna
1007 1643 1150 1675 Ioachim
1175 1644 1245 1676 viro
1269 1644 1388 1683 iuncta,

886 1690 1004 1723 Matris
1028 1690 1090 1724 Dei
1115 1694 1218 1724 mater
1244 1690 1340 1734 facta,

889 1739 971 1771 Cara
994 1739 1064 1772 Deo
1091 1743 1138 1771 est
1164 1742 1196 1771 et
1223 1743 1323 1780 grata.

854 1822 860 1829 .
886 1797 986 1838 Virgo
1011 1805 1139 1837 semper
1162 1797 1245 1829 haec
1268 1798 1385 1838 Maria,

934 1845 1036 1887 stirpe
1060 1848 1136 1877 nata
1159 1845 1258 1886 regia,

888 1892 996 1926 David
1021 1893 1106 1934 regis
1131 1893 1308 1926 venerandi

934 1942 1093 1981 processit
1116 1942 1278 1982 prosapia.

853 2024 862 2032 ,
887 1998 918 2031 Α
944 1998 1108 2031 Nazareth
1133 1999 1270 2031 oriunda

936 2050 1084 2079 versatur
1109 2046 1308 2088 ierosolyma

888 2094 933 2127 Et
954 2095 988 2127 in
1014 2095 1134 2137 templo
1160 2094 1230 2127 iHic
1253 2097 1365 2128 sancto

938 2143 1078 2176 nutritur
1101 2143 1280 2177 iuvencula.

1010 2218 1057 2246 Ad
1077 2218 1265 2247 Benedictus.

852 2293 860 2301 .
889 2267 941 2301 De
964 2270 1076 2300 mutua
1099 2267 1222 2300 visione

890 2315 937 2349 Et
960 2316 1119 2357 promissa
1143 2316 1238 2349 simul
1262 2318 1355 2359 prole

891 2364 1028 2397 Domum
1054 2374 1143 2397 suam
1168 2369 1242 2398 sunt
1267 2375 1407 2408 regressi

893 2412 988 2446 Facti
1011 2414 1087 2447 laeti
1113 2417 1146 2446 et,
1169 2414 1312 2448 iucundi.
