<?xml version="1.0" encoding="UTF-8"?>
<!DOCTYPE html PUBLIC "-//W3C//DTD XHTML 1.0 Transitional//EN"
    "http://www.w3.org/TR/xhtml1/DTD/xhtml1-transitional.dtd">
<html xmlns="http://www.w3.org/1999/xhtml" xml:lang="en" lang="en">
 <head>
  <title>
</title>
<meta http-equiv="Content-Type" content="text/html;charset=utf-8" />
  <meta name='ocr-system' content='tesseract 3.04.00' />
  <meta name='ocr-capabilities' content='ocr_page ocr_carea ocr_par ocr_line ocrx_word'/>
</head>
<body>
  <div class='ocr_page' id='page_1' title='image "./analectahymnica25drevuoft_00217.png"; bbox 0 0 1653 2567; ppageno 0'>
   <div class='ocr_carea' id='block_1_1' title="bbox 708 153 964 188">
    <p class='ocr_par' dir='ltr' id='par_1_1' title="bbox 708 153 964 188">
     <span class='ocr_line' id='line_1_1' title="bbox 708 153 964 188; baseline -0.004 0"><span class='ocrx_word' id='word_1_1' title='bbox 708 153 964 188; x_wconf 80' lang='lat'>—214—</span> 
     </span>
    </p>
   </div>
   <div class='ocr_carea' id='block_1_2' title="bbox 216 250 710 576">
    <p class='ocr_par' dir='ltr' id='par_1_2' title="bbox 256 250 710 292">
     <span class='ocr_line' id='line_1_2' title="bbox 256 250 710 292; baseline -0.015 -4"><span class='ocrx_word' id='word_1_2' title='bbox 256 254 378 288; x_wconf 80' lang='lat' dir='ltr'>Gaudet</span> <span class='ocrx_word' id='word_1_3' title='bbox 406 252 519 292; x_wconf 82' lang='lat' dir='ltr'><strong>byssus</strong></span> <span class='ocrx_word' id='word_1_4' title='bbox 545 250 710 290; x_wconf 86' lang='lat' dir='ltr'><strong>castitatis,</strong></span> 
     </span>
    </p>

    <p class='ocr_par' dir='ltr' id='par_1_3' title="bbox 254 298 662 386">
     <span class='ocr_line' id='line_1_3' title="bbox 254 298 662 334; baseline -0.015 0"><span class='ocrx_word' id='word_1_5' title='bbox 254 301 361 334; x_wconf 81' lang='lat' dir='ltr'><strong>Rubet</strong></span> <span class='ocrx_word' id='word_1_6' title='bbox 385 308 496 331; x_wconf 87' lang='lat' dir='ltr'><strong>coccus</strong></span> <span class='ocrx_word' id='word_1_7' title='bbox 522 298 662 330; x_wconf 84' lang='lat' dir='ltr'><strong>caritatis</strong></span> 
     </span>
     <span class='ocr_line' id='line_1_4' title="bbox 301 345 647 386; baseline -0.012 -6"><span class='ocrx_word' id='word_1_8' title='bbox 301 350 409 380; x_wconf 82' lang='lat' dir='ltr'>Aaron</span> <span class='ocrx_word' id='word_1_9' title='bbox 434 345 647 386; x_wconf 81' lang='lat' dir='ltr'><strong>vestimentis3</strong></span> 
     </span>
    </p>

    <p class='ocr_par' dir='ltr' id='par_1_4' title="bbox 216 393 701 481">
     <span class='ocr_line' id='line_1_5' title="bbox 216 393 600 435; baseline -0.016 -7"><span class='ocrx_word' id='word_1_10' title='bbox 216 421 222 428; x_wconf 93' lang='lat'>.</span> <span class='ocrx_word' id='word_1_11' title='bbox 253 396 424 435; x_wconf 79' lang='lat' dir='ltr'><strong>Iacynthus</strong></span> <span class='ocrx_word' id='word_1_12' title='bbox 449 393 600 425; x_wconf 81' lang='lat' dir='ltr'><strong>intexitur</strong></span> 
     </span>
     <span class='ocr_line' id='line_1_6' title="bbox 301 439 701 481; baseline -0.013 -7"><span class='ocrx_word' id='word_1_13' title='bbox 301 447 459 481; x_wconf 84' lang='lat' dir='ltr'><strong>tamquam</strong></span> <span class='ocrx_word' id='word_1_14' title='bbox 485 448 577 472; x_wconf 90' lang='lat' dir='ltr'><strong>verus</strong></span> <span class='ocrx_word' id='word_1_15' title='bbox 602 439 701 481; x_wconf 82' lang='lat' dir='ltr'><strong>testis,</strong></span> 
     </span>
    </p>

    <p class='ocr_par' dir='ltr' id='par_1_5' title="bbox 252 486 687 576">
     <span class='ocr_line' id='line_1_7' title="bbox 252 486 687 529; baseline -0.014 -7"><span class='ocrx_word' id='word_1_16' title='bbox 252 490 341 529; x_wconf 70' lang='lat' dir='ltr'><strong>Quod</strong></span> <span class='ocrx_word' id='word_1_17' title='bbox 368 487 516 519; x_wconf 88' lang='lat' dir='ltr'><strong>Claudius</strong></span> <span class='ocrx_word' id='word_1_18' title='bbox 543 487 619 518; x_wconf 88' lang='lat' dir='ltr'><strong>civis</strong></span> <span class='ocrx_word' id='word_1_19' title='bbox 644 486 687 517; x_wconf 89' lang='lat' dir='ltr'><strong>sit</strong></span> 
     </span>
     <span class='ocr_line' id='line_1_8' title="bbox 302 533 604 576; baseline -0.013 -8"><span class='ocrx_word' id='word_1_20' title='bbox 302 535 426 576; x_wconf 82' lang='lat' dir='ltr'><strong>patriae</strong></span> <span class='ocrx_word' id='word_1_21' title='bbox 451 533 604 566; x_wconf 88' lang='lat' dir='ltr'><strong>caelestis.</strong></span> 
     </span>
    </p>
   </div>
   <div class='ocr_carea' id='block_1_3' title="bbox 315 628 668 729">
    <p class='ocr_par' dir='ltr' id='par_1_6' title="bbox 315 628 668 729">
     <span class='ocr_line' id='line_1_9' title="bbox 315 628 668 662; baseline -0.006 0"><span class='ocrx_word' id='word_1_22' title='bbox 315 630 361 662; x_wconf 92' lang='lat' dir='ltr'><strong>In</strong></span> <span class='ocrx_word' id='word_1_23' title='bbox 388 630 418 661; x_wconf 83' lang='lat'><strong>3.</strong></span> <span class='ocrx_word' id='word_1_24' title='bbox 445 628 577 659; x_wconf 87' lang='lat' dir='ltr'><strong>Noctu</strong></span> <span class='ocrx_word' id='word_1_25' title='bbox 589 637 668 660; x_wconf 84' lang='lat' dir='ltr'><strong>rue.</strong></span> 
     </span>
     <span class='ocr_line' id='line_1_10' title="bbox 393 692 585 729; baseline -0.005 -9"><span class='ocrx_word' id='word_1_26' title='bbox 393 692 585 729; x_wconf 80' lang='lat' dir='ltr'><strong>Antiphonae.</strong></span> 
     </span>
    </p>
   </div>
   <div class='ocr_carea' id='block_1_4' title="bbox 222 751 644 1026">
    <p class='ocr_par' dir='ltr' id='par_1_7' title="bbox 222 751 644 1026">
     <span class='ocr_line' id='line_1_11' title="bbox 222 751 612 791; baseline -0.008 -5"><span class='ocrx_word' id='word_1_27' title='bbox 222 778 230 786; x_wconf 91' lang='lat'><strong>.</strong></span> <span class='ocrx_word' id='word_1_28' title='bbox 256 752 398 791; x_wconf 83' lang='lat' dir='ltr'><strong>Domine,</strong></span> <span class='ocrx_word' id='word_1_29' title='bbox 426 751 478 790; x_wconf 87' lang='lat' dir='ltr'><strong>qui</strong></span> <span class='ocrx_word' id='word_1_30' title='bbox 502 751 533 782; x_wconf 86' lang='lat' dir='ltr'><strong>in</strong></span> <span class='ocrx_word' id='word_1_31' title='bbox 559 754 612 783; x_wconf 83' lang='lat' dir='ltr'><strong>tuo</strong></span> 
     </span>
     <span class='ocr_line' id='line_1_12' title="bbox 296 797 644 837; baseline -0.006 -6"><span class='ocrx_word' id='word_1_32' title='bbox 296 799 404 831; x_wconf 81' lang='lat' dir='ltr'><strong>vivunt</strong></span> <span class='ocrx_word' id='word_1_33' title='bbox 430 797 644 837; x_wconf 86' lang='lat' dir='ltr'><strong>tabernaculo,</strong></span> 
     </span>
     <span class='ocr_line' id='line_1_13' title="bbox 252 845 566 885; baseline -0.006 -7"><span class='ocrx_word' id='word_1_34' title='bbox 252 847 308 878; x_wconf 85' lang='lat' dir='ltr'><strong>Eis</strong></span> <span class='ocrx_word' id='word_1_35' title='bbox 335 855 367 878; x_wconf 87' lang='lat' dir='ltr'><strong>es</strong></span> <span class='ocrx_word' id='word_1_36' title='bbox 390 845 424 877; x_wconf 87' lang='lat' dir='ltr'><strong>in</strong></span> <span class='ocrx_word' id='word_1_37' title='bbox 449 845 566 885; x_wconf 85' lang='lat' dir='ltr'><strong>requie,</strong></span> 
     </span>
     <span class='ocr_line' id='line_1_14' title="bbox 300 892 615 932; baseline -0.003 -8"><span class='ocrx_word' id='word_1_38' title='bbox 300 893 343 924; x_wconf 91' lang='lat' dir='ltr'><strong>eis</strong></span> <span class='ocrx_word' id='word_1_39' title='bbox 368 894 400 924; x_wconf 90' lang='lat' dir='ltr'><strong>in</strong></span> <span class='ocrx_word' id='word_1_40' title='bbox 422 892 615 932; x_wconf 87' lang='lat' dir='ltr'><strong>umbraculo,</strong></span> 
     </span>
     <span class='ocr_line' id='line_1_15' title="bbox 253 939 541 972; baseline -0.007 0"><span class='ocrx_word' id='word_1_41' title='bbox 253 941 301 972; x_wconf 90' lang='lat' dir='ltr'><strong>Tu</strong></span> <span class='ocrx_word' id='word_1_42' title='bbox 327 948 379 972; x_wconf 88' lang='lat' dir='ltr'><strong>eos</strong></span> <span class='ocrx_word' id='word_1_43' title='bbox 403 939 541 971; x_wconf 77' lang='lat' dir='ltr'>inebrias</span> 
     </span>
     <span class='ocr_line' id='line_1_16' title="bbox 298 986 619 1026; baseline -0.009 -6"><span class='ocrx_word' id='word_1_44' title='bbox 298 986 470 1025; x_wconf 87' lang='lat' dir='ltr'><strong>voluptatis</strong></span> <span class='ocrx_word' id='word_1_45' title='bbox 495 986 619 1026; x_wconf 88' lang='lat' dir='ltr'><strong>poculo.</strong></span> 
     </span>
    </p>
   </div>
   <div class='ocr_carea' id='block_1_5' title="bbox 220 1043 708 1309">
    <p class='ocr_par' dir='ltr' id='par_1_8' title="bbox 220 1043 598 1128">
     <span class='ocr_line' id='line_1_17' title="bbox 220 1043 598 1082; baseline -0.005 -6"><span class='ocrx_word' id='word_1_46' title='bbox 220 1069 226 1076; x_wconf 94' lang='lat'>.</span> <span class='ocrx_word' id='word_1_47' title='bbox 253 1044 397 1082; x_wconf 84' lang='lat' dir='ltr'>Domine,</span> <span class='ocrx_word' id='word_1_48' title='bbox 422 1043 454 1074; x_wconf 90' lang='lat' dir='ltr'><strong>in</strong></span> <span class='ocrx_word' id='word_1_49' title='bbox 481 1043 598 1074; x_wconf 88' lang='lat' dir='ltr'><strong>virtute</strong></span> 
     </span>
     <span class='ocr_line' id='line_1_18' title="bbox 299 1090 597 1128; baseline -0.003 -6"><span class='ocrx_word' id='word_1_50' title='bbox 299 1094 353 1122; x_wconf 87' lang='lat' dir='ltr'><strong>tua</strong></span> <span class='ocrx_word' id='word_1_51' title='bbox 376 1090 426 1121; x_wconf 88' lang='lat' dir='ltr'><strong>vir</strong></span> <span class='ocrx_word' id='word_1_52' title='bbox 451 1090 597 1128; x_wconf 87' lang='lat' dir='ltr'><strong>laetatur,</strong></span> 
     </span>
    </p>

    <p class='ocr_par' dir='ltr' id='par_1_9' title="bbox 254 1137 708 1224">
     <span class='ocr_line' id='line_1_19' title="bbox 254 1137 708 1177; baseline -0.002 -8"><span class='ocrx_word' id='word_1_53' title='bbox 254 1138 322 1176; x_wconf 76' lang='lat' dir='ltr'><strong>Qui,</strong></span> <span class='ocrx_word' id='word_1_54' title='bbox 351 1138 423 1169; x_wconf 86' lang='lat' dir='ltr'><strong>dum</strong></span> <span class='ocrx_word' id='word_1_55' title='bbox 449 1137 553 1168; x_wconf 86' lang='lat' dir='ltr'><strong>adhuc</strong></span> <span class='ocrx_word' id='word_1_56' title='bbox 576 1137 708 1177; x_wconf 84' lang='lat' dir='ltr'><strong>viveret,</strong></span> 
     </span>
     <span class='ocr_line' id='line_1_20' title="bbox 298 1184 598 1224; baseline 0 -9"><span class='ocrx_word' id='word_1_57' title='bbox 298 1185 332 1215; x_wconf 87' lang='lat' dir='ltr'><strong>in</strong></span> <span class='ocrx_word' id='word_1_58' title='bbox 356 1187 388 1215; x_wconf 89' lang='lat' dir='ltr'><strong>te</strong></span> <span class='ocrx_word' id='word_1_59' title='bbox 411 1184 598 1224; x_wconf 85' lang='lat' dir='ltr'><strong>laetabatur,</strong></span> 
     </span>
    </p>

    <p class='ocr_par' dir='ltr' id='par_1_10' title="bbox 255 1231 590 1309">
     <span class='ocr_line' id='line_1_21' title="bbox 255 1231 590 1263; baseline -0.003 -1"><span class='ocrx_word' id='word_1_60' title='bbox 255 1231 310 1263; x_wconf 87' lang='lat' dir='ltr'><strong>Cui</strong></span> <span class='ocrx_word' id='word_1_61' title='bbox 335 1231 444 1263; x_wconf 89' lang='lat' dir='ltr'><strong>mundi</strong></span> <span class='ocrx_word' id='word_1_62' title='bbox 468 1231 590 1262; x_wconf 82' lang='lat' dir='ltr'><strong>laetitia</strong></span> 
     </span>
     <span class='ocr_line' id='line_1_22' title="bbox 302 1277 582 1309; baseline 0 0"><span class='ocrx_word' id='word_1_63' title='bbox 302 1279 380 1309; x_wconf 83' lang='lat' dir='ltr'><strong>nihil</strong></span> <span class='ocrx_word' id='word_1_64' title='bbox 404 1277 582 1309; x_wconf 85' lang='lat' dir='ltr'><strong>videbatur.</strong></span> 
     </span>
    </p>
   </div>
   <div class='ocr_carea' id='block_1_6' title="bbox 220 1334 678 1609">
    <p class='ocr_par' dir='ltr' id='par_1_11' title="bbox 220 1334 678 1424">
     <span class='ocr_line' id='line_1_23' title="bbox 220 1334 605 1368; baseline -0.01 0"><span class='ocrx_word' id='word_1_65' title='bbox 220 1363 226 1368; x_wconf 97' lang='lat'>.</span> <span class='ocrx_word' id='word_1_66' title='bbox 253 1334 380 1366; x_wconf 81' lang='lat' dir='ltr'><strong>Domini</strong></span> <span class='ocrx_word' id='word_1_67' title='bbox 405 1336 478 1365; x_wconf 86' lang='lat' dir='ltr'><strong>sunt</strong></span> <span class='ocrx_word' id='word_1_68' title='bbox 503 1334 605 1366; x_wconf 84' lang='lat' dir='ltr'><strong>omnia</strong></span> 
     </span>
     <span class='ocr_line' id='line_1_24' title="bbox 305 1382 678 1424; baseline -0.003 -11"><span class='ocrx_word' id='word_1_69' title='bbox 305 1382 434 1420; x_wconf 87' lang='lat' dir='ltr'><strong>caelum,</strong></span> <span class='ocrx_word' id='word_1_70' title='bbox 460 1384 556 1420; x_wconf 89' lang='lat' dir='ltr'><strong>terra,</strong></span> <span class='ocrx_word' id='word_1_71' title='bbox 583 1389 678 1424; x_wconf 88' lang='lat' dir='ltr'><strong>mare,</strong></span> 
     </span>
    </p>

    <p class='ocr_par' dir='ltr' id='par_1_12' title="bbox 255 1428 638 1515">
     <span class='ocr_line' id='line_1_25' title="bbox 255 1428 638 1467; baseline 0 -7"><span class='ocrx_word' id='word_1_72' title='bbox 255 1429 314 1467; x_wconf 83' lang='lat' dir='ltr'><strong>Qui</strong></span> <span class='ocrx_word' id='word_1_73' title='bbox 340 1431 453 1460; x_wconf 86' lang='lat' dir='ltr'><strong>cuncta</strong></span> <span class='ocrx_word' id='word_1_74' title='bbox 478 1428 518 1459; x_wconf 88' lang='lat' dir='ltr'><strong>de</strong></span> <span class='ocrx_word' id='word_1_75' title='bbox 540 1428 638 1460; x_wconf 83' lang='lat' dir='ltr'><strong>nihilo</strong></span> 
     </span>
     <span class='ocr_line' id='line_1_26' title="bbox 301 1475 544 1515; baseline -0.008 -7"><span class='ocrx_word' id='word_1_76' title='bbox 301 1475 404 1515; x_wconf 82' lang='lat' dir='ltr'><strong>potuit</strong></span> <span class='ocrx_word' id='word_1_77' title='bbox 428 1484 544 1514; x_wconf 85' lang='lat' dir='ltr'><strong>creare,</strong></span> 
     </span>
    </p>

    <p class='ocr_par' dir='ltr' id='par_1_13' title="bbox 253 1522 625 1609">
     <span class='ocr_line' id='line_1_27' title="bbox 253 1522 625 1562; baseline -0.003 -8"><span class='ocrx_word' id='word_1_78' title='bbox 253 1523 309 1562; x_wconf 86' lang='lat' dir='ltr'><strong>Qui</strong></span> <span class='ocrx_word' id='word_1_79' title='bbox 331 1523 458 1554; x_wconf 88' lang='lat' dir='ltr'><strong>dissona</strong></span> <span class='ocrx_word' id='word_1_80' title='bbox 482 1522 625 1554; x_wconf 81' lang='lat' dir='ltr'><strong>consonis</strong></span> 
     </span>
     <span class='ocr_line' id='line_1_28' title="bbox 300 1569 530 1609; baseline 0.004 -8"><span class='ocrx_word' id='word_1_81' title='bbox 300 1570 399 1602; x_wconf 79' lang='lat' dir='ltr'><strong>voluit</strong></span> <span class='ocrx_word' id='word_1_82' title='bbox 422 1569 530 1609; x_wconf 82' lang='lat' dir='ltr'><strong>ligare.</strong></span> 
     </span>
    </p>
   </div>
   <div class='ocr_carea' id='block_1_7' title="bbox 395 1644 600 1679">
    <p class='ocr_par' dir='ltr' id='par_1_14' title="bbox 395 1644 600 1679">
     <span class='ocr_line' id='line_1_29' title="bbox 395 1644 600 1679; baseline 0 -8"><span class='ocrx_word' id='word_1_83' title='bbox 395 1644 600 1679; x_wconf 80' lang='lat' dir='ltr'><strong>Responsoria.</strong></span> 
     </span>
    </p>
   </div>
   <div class='ocr_carea' id='block_1_8' title="bbox 217 1702 678 2158">
    <p class='ocr_par' dir='ltr' id='par_1_15' title="bbox 222 1702 668 1789">
     <span class='ocr_line' id='line_1_30' title="bbox 222 1702 668 1740; baseline 0.002 -7"><span class='ocrx_word' id='word_1_84' title='bbox 222 1726 229 1733; x_wconf 94' lang='lat'><strong>.</strong></span> <span class='ocrx_word' id='word_1_85' title='bbox 259 1702 361 1733; x_wconf 82' lang='lat' dir='ltr'><strong>Plebis</strong></span> <span class='ocrx_word' id='word_1_86' title='bbox 386 1702 510 1740; x_wconf 86' lang='lat' dir='ltr'><strong>pondus</strong></span> <span class='ocrx_word' id='word_1_87' title='bbox 536 1703 668 1734; x_wconf 85' lang='lat' dir='ltr'><strong>sustinet</strong></span> 
     </span>
     <span class='ocr_line' id='line_1_31' title="bbox 303 1748 587 1789; baseline -0.004 -9"><span class='ocrx_word' id='word_1_88' title='bbox 303 1758 398 1789; x_wconf 83' lang='lat' dir='ltr'><strong>super</strong></span> <span class='ocrx_word' id='word_1_89' title='bbox 423 1748 587 1787; x_wconf 85' lang='lat' dir='ltr'><strong>humerali,</strong></span> 
     </span>
    </p>

    <p class='ocr_par' dir='ltr' id='par_1_16' title="bbox 253 1795 600 1882">
     <span class='ocr_line' id='line_1_32' title="bbox 253 1795 600 1828; baseline 0 -1"><span class='ocrx_word' id='word_1_90' title='bbox 253 1796 339 1828; x_wconf 87' lang='lat' dir='ltr'><strong>Iuste</strong></span> <span class='ocrx_word' id='word_1_91' title='bbox 363 1795 458 1827; x_wconf 87' lang='lat' dir='ltr'><strong>iudex</strong></span> <span class='ocrx_word' id='word_1_92' title='bbox 478 1796 600 1827; x_wconf 83' lang='lat' dir='ltr'><strong>iudicat</strong></span> 
     </span>
     <span class='ocr_line' id='line_1_33' title="bbox 299 1842 513 1882; baseline 0 -9"><span class='ocrx_word' id='word_1_93' title='bbox 299 1843 330 1873; x_wconf 89' lang='lat' dir='ltr'><strong>vi</strong></span> <span class='ocrx_word' id='word_1_94' title='bbox 355 1842 513 1882; x_wconf 80' lang='lat' dir='ltr'><strong>rationali,</strong></span> 
     </span>
    </p>

    <p class='ocr_par' dir='ltr' id='par_1_17' title="bbox 255 1890 643 1977">
     <span class='ocr_line' id='line_1_34' title="bbox 255 1890 643 1930; baseline 0 -8"><span class='ocrx_word' id='word_1_95' title='bbox 255 1890 367 1922; x_wconf 84' lang='lat' dir='ltr'><strong>Talum</strong></span> <span class='ocrx_word' id='word_1_96' title='bbox 393 1890 494 1930; x_wconf 85' lang='lat' dir='ltr'><strong>tangit</strong></span> <span class='ocrx_word' id='word_1_97' title='bbox 514 1890 643 1929; x_wconf 86' lang='lat' dir='ltr'><strong>poderis</strong></span> 
     </span>
     <span class='ocr_line' id='line_1_35' title="bbox 301 1935 529 1977; baseline -0.004 -9"><span class='ocrx_word' id='word_1_98' title='bbox 301 1945 397 1977; x_wconf 86' lang='lat' dir='ltr'><strong>opere</strong></span> <span class='ocrx_word' id='word_1_99' title='bbox 422 1935 529 1975; x_wconf 77' lang='lat' dir='ltr'><strong>finali3</strong></span> 
     </span>
    </p>

    <p class='ocr_par' dir='ltr' id='par_1_18' title="bbox 217 1982 678 2072">
     <span class='ocr_line' id='line_1_36' title="bbox 217 1982 678 2018; baseline 0 -1"><span class='ocrx_word' id='word_1_100' title='bbox 217 2012 224 2018; x_wconf 91' lang='lat'>.</span> <span class='ocrx_word' id='word_1_101' title='bbox 254 1985 375 2017; x_wconf 87' lang='lat' dir='ltr'><strong>Ornant</strong></span> <span class='ocrx_word' id='word_1_102' title='bbox 399 1982 536 2015; x_wconf 86' lang='lat' dir='ltr'><strong>frontem</strong></span> <span class='ocrx_word' id='word_1_103' title='bbox 561 1985 678 2017; x_wconf 85' lang='lat' dir='ltr'><strong>lamina</strong></span> 
     </span>
     <span class='ocr_line' id='line_1_37' title="bbox 300 2031 604 2072; baseline 0.003 -10"><span class='ocrx_word' id='word_1_104' title='bbox 300 2032 421 2072; x_wconf 85' lang='lat' dir='ltr'><strong>signum</strong></span> <span class='ocrx_word' id='word_1_105' title='bbox 446 2031 604 2072; x_wconf 86' lang='lat' dir='ltr'><strong>puritatis,</strong></span> 
     </span>
    </p>

    <p class='ocr_par' dir='ltr' id='par_1_19' title="bbox 252 2078 606 2158">
     <span class='ocr_line' id='line_1_38' title="bbox 252 2078 580 2111; baseline -0.003 0"><span class='ocrx_word' id='word_1_106' title='bbox 252 2079 371 2111; x_wconf 80' lang='lat' dir='ltr'><strong>Sonant</strong></span> <span class='ocrx_word' id='word_1_107' title='bbox 389 2078 580 2110; x_wconf 87' lang='lat' dir='ltr'><strong>tintinabula</strong></span> 
     </span>
     <span class='ocr_line' id='line_1_39' title="bbox 299 2126 606 2158; baseline -0.003 0"><span class='ocrx_word' id='word_1_108' title='bbox 299 2126 430 2158; x_wconf 89' lang='lat' dir='ltr'><strong>verbum</strong></span> <span class='ocrx_word' id='word_1_109' title='bbox 455 2126 606 2158; x_wconf 87' lang='lat' dir='ltr'><strong>veritatis.</strong></span> 
     </span>
    </p>
   </div>
   <div class='ocr_carea' id='block_1_9' title="bbox 222 2183 772 2462">
    <p class='ocr_par' dir='ltr' id='par_1_20' title="bbox 222 2183 772 2224">
     <span class='ocr_line' id='line_1_40' title="bbox 222 2183 772 2224; baseline -0.002 -7"><span class='ocrx_word' id='word_1_110' title='bbox 222 2210 228 2217; x_wconf 92' lang='lat'><strong>.</strong></span> <span class='ocrx_word' id='word_1_111' title='bbox 256 2183 325 2214; x_wconf 66' lang='lat' dir='ltr'><strong>Ix&#39;on</strong></span> <span class='ocrx_word' id='word_1_112' title='bbox 352 2185 399 2214; x_wconf 85' lang='lat' dir='ltr'><strong>est</strong></span> <span class='ocrx_word' id='word_1_113' title='bbox 423 2185 551 2215; x_wconf 88' lang='lat' dir='ltr'><strong>nostrae</strong></span> <span class='ocrx_word' id='word_1_114' title='bbox 575 2185 772 2224; x_wconf 81' lang='lat' dir='ltr'><strong>paupertatis</strong></span> 
     </span>
    </p>

    <p class='ocr_par' dir='ltr' id='par_1_21' title="bbox 251 2229 682 2317">
     <span class='ocr_line' id='line_1_41' title="bbox 251 2229 682 2263; baseline 0.005 -2"><span class='ocrx_word' id='word_1_115' title='bbox 251 2230 318 2261; x_wconf 83' lang='lat' dir='ltr'><strong>Nec</strong></span> <span class='ocrx_word' id='word_1_116' title='bbox 343 2231 497 2261; x_wconf 89' lang='lat' dir='ltr'><strong>humanae</strong></span> <span class='ocrx_word' id='word_1_117' title='bbox 521 2229 682 2263; x_wconf 74' lang='lat' dir='ltr'><strong>facultatis</strong></span> 
     </span>
     <span class='ocr_line' id='line_1_42' title="bbox 301 2276 618 2317; baseline 0.003 -8"><span class='ocrx_word' id='word_1_118' title='bbox 301 2276 434 2309; x_wconf 86' lang='lat' dir='ltr'><strong>Referre</strong></span> <span class='ocrx_word' id='word_1_119' title='bbox 455 2278 618 2317; x_wconf 85' lang='lat' dir='ltr'><strong>miracula,</strong></span> 
     </span>
    </p>

    <p class='ocr_par' dir='ltr' id='par_1_22' title="bbox 253 2325 659 2369">
     <span class='ocr_line' id='line_1_43' title="bbox 253 2325 659 2369; baseline 0.002 -13"><span class='ocrx_word' id='word_1_120' title='bbox 253 2325 369 2364; x_wconf 77' lang='lat' dir='ltr'><strong>Quibus</strong></span> <span class='ocrx_word' id='word_1_121' title='bbox 397 2325 496 2357; x_wconf 87' lang='lat' dir='ltr'><strong>virtus</strong></span> <span class='ocrx_word' id='word_1_122' title='bbox 523 2326 659 2369; x_wconf 75' lang='lat' dir='ltr'><strong>deitatis,</strong></span> 
     </span>
    </p>

    <p class='ocr_par' dir='ltr' id='par_1_23' title="bbox 253 2372 699 2462">
     <span class='ocr_line' id='line_1_44' title="bbox 253 2372 699 2414; baseline 0.002 -10"><span class='ocrx_word' id='word_1_123' title='bbox 253 2372 357 2404; x_wconf 86' lang='lat' dir='ltr'><strong>Testis</strong></span> <span class='ocrx_word' id='word_1_124' title='bbox 383 2373 485 2404; x_wconf 87' lang='lat' dir='ltr'><strong>sancti</strong></span> <span class='ocrx_word' id='word_1_125' title='bbox 511 2375 699 2414; x_wconf 84' lang='lat' dir='ltr'><strong>sanctitatis,</strong></span> 
     </span>
     <span class='ocr_line' id='line_1_45' title="bbox 300 2421 650 2462; baseline 0.003 -10"><span class='ocrx_word' id='word_1_126' title='bbox 300 2421 481 2453; x_wconf 86' lang='lat' dir='ltr'><strong>Illustravit</strong></span> <span class='ocrx_word' id='word_1_127' title='bbox 505 2422 650 2462; x_wconf 81' lang='lat' dir='ltr'><strong>saecula3</strong></span> 
     </span>
    </p>
   </div>
   <div class='ocr_carea' id='block_1_10' title="bbox 861 250 899 281">
    <p class='ocr_par' dir='ltr' id='par_1_24' title="bbox 861 250 899 281">
     <span class='ocr_line' id='line_1_46' title="bbox 861 250 899 281; baseline 0 0"><span class='ocrx_word' id='word_1_128' title='bbox 861 250 899 281; x_wconf 93' lang='lat' dir='ltr'><strong>V.</strong></span> 
     </span>
    </p>
   </div>
   <div class='ocr_carea' id='block_1_11' title="bbox 874 355 905 385">
    <p class='ocr_par' dir='ltr' id='par_1_25' title="bbox 874 355 905 385">
     <span class='ocr_line' id='line_1_47' title="bbox 874 355 905 385; baseline 0 0"><span class='ocrx_word' id='word_1_129' title='bbox 874 355 905 385; x_wconf 88' lang='grc'><strong>3.</strong></span> 
     </span>
    </p>
   </div>
   <div class='ocr_carea' id='block_1_12' title="bbox 930 245 1463 334">
    <p class='ocr_par' dir='ltr' id='par_1_26' title="bbox 930 245 1463 334">
     <span class='ocr_line' id='line_1_48' title="bbox 930 245 1463 285; baseline -0.009 -5"><span class='ocrx_word' id='word_1_130' title='bbox 930 249 1020 280; x_wconf 83' lang='lat' dir='ltr'><strong>Mors</strong></span> <span class='ocrx_word' id='word_1_131' title='bbox 1046 251 1076 279; x_wconf 89' lang='lat' dir='ltr'><strong>et</strong></span> <span class='ocrx_word' id='word_1_132' title='bbox 1102 246 1229 278; x_wconf 86' lang='lat' dir='ltr'><strong>morbus</strong></span> <span class='ocrx_word' id='word_1_133' title='bbox 1255 245 1463 285; x_wconf 88' lang='lat' dir='ltr'><strong>admirantur,</strong></span> 
     </span>
     <span class='ocr_line' id='line_1_49' title="bbox 933 294 1442 334; baseline -0.01 -7"><span class='ocrx_word' id='word_1_134' title='bbox 933 296 1022 334; x_wconf 79' lang='lat' dir='ltr'><strong>Quod</strong></span> <span class='ocrx_word' id='word_1_135' title='bbox 1046 295 1092 326; x_wconf 90' lang='lat' dir='ltr'><strong>sic</strong></span> <span class='ocrx_word' id='word_1_136' title='bbox 1116 295 1206 334; x_wconf 83' lang='lat' dir='ltr'><strong>signa</strong></span> <span class='ocrx_word' id='word_1_137' title='bbox 1233 294 1442 325; x_wconf 85' lang='lat' dir='ltr'><strong>dominantur.</strong></span> 
     </span>
    </p>
   </div>
   <div class='ocr_carea' id='block_1_13' title="bbox 930 350 1457 863">
    <p class='ocr_par' dir='ltr' id='par_1_27' title="bbox 930 350 1457 863">
     <span class='ocr_line' id='line_1_50' title="bbox 931 350 1387 390; baseline -0.011 -6"><span class='ocrx_word' id='word_1_138' title='bbox 931 352 984 384; x_wconf 88' lang='lat' dir='ltr'><strong>Ad</strong></span> <span class='ocrx_word' id='word_1_139' title='bbox 1010 354 1052 390; x_wconf 88' lang='lat' dir='ltr'><strong>te,</strong></span> <span class='ocrx_word' id='word_1_140' title='bbox 1078 352 1180 383; x_wconf 91' lang='lat' dir='ltr'><strong>locum</strong></span> <span class='ocrx_word' id='word_1_141' title='bbox 1204 350 1387 390; x_wconf 86' lang='lat' dir='ltr'><strong>gratiarum,</strong></span> 
     </span>
     <span class='ocr_line' id='line_1_51' title="bbox 933 396 1457 436; baseline -0.008 -6"><span class='ocrx_word' id='word_1_142' title='bbox 933 399 1052 431; x_wconf 84' lang='lat' dir='ltr'><strong>Gratae</strong></span> <span class='ocrx_word' id='word_1_143' title='bbox 1075 398 1189 430; x_wconf 84' lang='lat' dir='ltr'><strong>mentis</strong></span> <span class='ocrx_word' id='word_1_144' title='bbox 1214 406 1276 429; x_wconf 90' lang='lat' dir='ltr'><strong>non</strong></span> <span class='ocrx_word' id='word_1_145' title='bbox 1301 396 1457 436; x_wconf 83' lang='lat' dir='ltr'><strong>ignarum,</strong></span> 
     </span>
     <span class='ocr_line' id='line_1_52' title="bbox 932 445 1350 488; baseline -0.007 -10"><span class='ocrx_word' id='word_1_146' title='bbox 932 448 1003 479; x_wconf 84' lang='lat' dir='ltr'><strong>lesu</strong></span> <span class='ocrx_word' id='word_1_147' title='bbox 1029 446 1120 488; x_wconf 89' lang='lat' dir='ltr'><strong>bone,</strong></span> <span class='ocrx_word' id='word_1_148' title='bbox 1147 445 1350 477; x_wconf 86' lang='lat' dir='ltr'><strong>lacrimarum</strong></span> 
     </span>
     <span class='ocr_line' id='line_1_53' title="bbox 978 490 1357 534; baseline -0.008 -9"><span class='ocrx_word' id='word_1_149' title='bbox 978 493 1194 525; x_wconf 79' lang='lat' dir='ltr'><strong>Revertantur</strong></span> <span class='ocrx_word' id='word_1_150' title='bbox 1217 490 1357 534; x_wconf 85' lang='lat' dir='ltr'><strong>flumina,</strong></span> 
     </span>
     <span class='ocr_line' id='line_1_54' title="bbox 931 539 1385 579; baseline -0.009 -7"><span class='ocrx_word' id='word_1_151' title='bbox 931 541 1049 579; x_wconf 75' lang='lat' dir='ltr'><strong>Quibus</strong></span> <span class='ocrx_word' id='word_1_152' title='bbox 1074 540 1133 571; x_wconf 88' lang='lat' dir='ltr'><strong>tibi</strong></span> <span class='ocrx_word' id='word_1_153' title='bbox 1158 539 1385 579; x_wconf 83' lang='lat' dir='ltr'><strong>supplicamus,</strong></span> 
     </span>
     <span class='ocr_line' id='line_1_55' title="bbox 931 586 1388 625; baseline -0.009 -5"><span class='ocrx_word' id='word_1_154' title='bbox 931 588 976 620; x_wconf 83' lang='lat' dir='ltr'><strong>Ut</strong></span> <span class='ocrx_word' id='word_1_155' title='bbox 999 588 1141 619; x_wconf 87' lang='lat' dir='ltr'><strong>viventes</strong></span> <span class='ocrx_word' id='word_1_156' title='bbox 1166 587 1213 618; x_wconf 89' lang='lat' dir='ltr'><strong>sic</strong></span> <span class='ocrx_word' id='word_1_157' title='bbox 1234 586 1388 625; x_wconf 85' lang='lat' dir='ltr'><strong>vivamus,</strong></span> 
     </span>
     <span class='ocr_line' id='line_1_56' title="bbox 931 634 1427 675; baseline -0.006 -9"><span class='ocrx_word' id='word_1_158' title='bbox 931 635 1020 674; x_wconf 74' lang='lat' dir='ltr'><strong>Quod</strong></span> <span class='ocrx_word' id='word_1_159' title='bbox 1044 637 1118 675; x_wconf 83' lang='lat' dir='ltr'><strong>post</strong></span> <span class='ocrx_word' id='word_1_160' title='bbox 1141 634 1238 665; x_wconf 80' lang='lat' dir='ltr'><strong>vitam</strong></span> <span class='ocrx_word' id='word_1_161' title='bbox 1264 637 1427 664; x_wconf 85' lang='lat' dir='ltr'><strong>teneamus</strong></span> 
     </span>
     <span class='ocr_line' id='line_1_57' title="bbox 978 681 1384 720; baseline -0.007 -6"><span class='ocrx_word' id='word_1_162' title='bbox 978 682 1096 714; x_wconf 86' lang='lat' dir='ltr'><strong>Tecum</strong></span> <span class='ocrx_word' id='word_1_163' title='bbox 1122 681 1201 712; x_wconf 84' lang='lat' dir='ltr'><strong>caeli</strong></span> <span class='ocrx_word' id='word_1_164' title='bbox 1227 681 1384 720; x_wconf 77' lang='lat' dir='ltr'><strong>culmina3</strong></span> 
     </span>
     <span class='ocr_line' id='line_1_58' title="bbox 930 727 1303 767; baseline -0.008 -6"><span class='ocrx_word' id='word_1_165' title='bbox 930 730 977 761; x_wconf 91' lang='lat' dir='ltr'><strong>Tu</strong></span> <span class='ocrx_word' id='word_1_166' title='bbox 1006 728 1129 761; x_wconf 88' lang='lat' dir='ltr'><strong>Claudii</strong></span> <span class='ocrx_word' id='word_1_167' title='bbox 1156 727 1303 767; x_wconf 87' lang='lat' dir='ltr'><strong>precibus</strong></span> 
     </span>
     <span class='ocr_line' id='line_1_59' title="bbox 931 775 1292 808; baseline -0.006 0"><span class='ocrx_word' id='word_1_168' title='bbox 931 779 959 808; x_wconf 88' lang='lat' dir='ltr'><strong>A</strong></span> <span class='ocrx_word' id='word_1_169' title='bbox 985 781 1109 808; x_wconf 84' lang='lat' dir='ltr'><strong>tuorum</strong></span> <span class='ocrx_word' id='word_1_170' title='bbox 1133 775 1292 807; x_wconf 88' lang='lat' dir='ltr'><strong>mentibus</strong></span> 
     </span>
     <span class='ocr_line' id='line_1_60' title="bbox 977 823 1339 863; baseline -0.003 -7"><span class='ocrx_word' id='word_1_171' title='bbox 977 823 1041 856; x_wconf 86' lang='lat' dir='ltr'><strong>Sua</strong></span> <span class='ocrx_word' id='word_1_172' title='bbox 1065 827 1170 863; x_wconf 86' lang='lat' dir='ltr'><strong>tergas</strong></span> <span class='ocrx_word' id='word_1_173' title='bbox 1196 823 1339 855; x_wconf 86' lang='lat' dir='ltr'><strong>crimina.</strong></span> 
     </span>
    </p>
   </div>
   <div class='ocr_carea' id='block_1_14' title="bbox 1030 964 1332 997">
    <p class='ocr_par' dir='ltr' id='par_1_28' title="bbox 1030 964 1332 997">
     <span class='ocr_line' id='line_1_61' title="bbox 1030 964 1332 997; baseline -0.003 0"><span class='ocrx_word' id='word_1_174' title='bbox 1030 965 1076 997; x_wconf 89' lang='lat' dir='ltr'><strong>In</strong></span> <span class='ocrx_word' id='word_1_175' title='bbox 1101 964 1332 996; x_wconf 81' lang='lat' dir='ltr'><strong>Laudibus,</strong></span> 
     </span>
    </p>
   </div>
   <div class='ocr_carea' id='block_1_15' title="bbox 1072 1048 1266 1083">
    <p class='ocr_par' dir='ltr' id='par_1_29' title="bbox 1072 1048 1266 1083">
     <span class='ocr_line' id='line_1_62' title="bbox 1072 1048 1266 1083; baseline 0 -8"><span class='ocrx_word' id='word_1_176' title='bbox 1072 1048 1266 1083; x_wconf 75' lang='lat' dir='ltr'><strong>Antiphonae.</strong></span> 
     </span>
    </p>
   </div>
   <div class='ocr_carea' id='block_1_16' title="bbox 895 1116 1179 1156">
    <p class='ocr_par' dir='ltr' id='par_1_30' title="bbox 895 1116 1179 1156">
     <span class='ocr_line' id='line_1_63' title="bbox 895 1116 1179 1156; baseline -0.011 -6"><span class='ocrx_word' id='word_1_177' title='bbox 895 1142 903 1150; x_wconf 91' lang='lat'><strong><em>.</em></strong></span> <span class='ocrx_word' id='word_1_178' title='bbox 931 1117 1049 1150; x_wconf 86' lang='lat' dir='ltr'><strong>Christi</strong></span> <span class='ocrx_word' id='word_1_179' title='bbox 1073 1116 1179 1156; x_wconf 89' lang='lat' dir='ltr'><strong>iugum</strong></span> 
     </span>
    </p>
   </div>
   <div class='ocr_carea' id='block_1_17' title="bbox 928 1163 1335 1486">
    <p class='ocr_par' dir='ltr' id='par_1_31' title="bbox 928 1163 1271 1242">
     <span class='ocr_line' id='line_1_64' title="bbox 978 1163 1271 1195; baseline -0.003 0"><span class='ocrx_word' id='word_1_180' title='bbox 978 1163 1129 1195; x_wconf 84' lang='lat' dir='ltr'><strong>Claudius</strong></span> <span class='ocrx_word' id='word_1_181' title='bbox 1152 1163 1271 1194; x_wconf 81' lang='lat' dir='ltr'><strong>teneris</strong></span> 
     </span>
     <span class='ocr_line' id='line_1_65' title="bbox 928 1211 1127 1242; baseline 0 0"><span class='ocrx_word' id='word_1_182' title='bbox 928 1211 1127 1242; x_wconf 84' lang='lat' dir='ltr'><strong>Adulescens</strong></span> 
     </span>
    </p>

    <p class='ocr_par' dir='ltr' id='par_1_32' title="bbox 931 1257 1289 1336">
     <span class='ocr_line' id='line_1_66' title="bbox 975 1257 1289 1297; baseline -0.003 -8"><span class='ocrx_word' id='word_1_183' title='bbox 975 1258 1116 1297; x_wconf 82' lang='lat' dir='ltr'><strong>portavit</strong></span> <span class='ocrx_word' id='word_1_184' title='bbox 1140 1257 1289 1297; x_wconf 87' lang='lat' dir='ltr'><strong>humeris,</strong></span> 
     </span>
     <span class='ocr_line' id='line_1_67' title="bbox 931 1305 1107 1336; baseline 0 0"><span class='ocrx_word' id='word_1_185' title='bbox 931 1305 1107 1336; x_wconf 87' lang='lat' dir='ltr'><strong>Virtutibus</strong></span> 
     </span>
    </p>

    <p class='ocr_par' dir='ltr' id='par_1_33' title="bbox 930 1352 1329 1431">
     <span class='ocr_line' id='line_1_68' title="bbox 979 1352 1329 1392; baseline 0 -9"><span class='ocrx_word' id='word_1_186' title='bbox 979 1361 1013 1383; x_wconf 87' lang='lat' dir='ltr'><strong>se</strong></span> <span class='ocrx_word' id='word_1_187' title='bbox 1037 1353 1168 1392; x_wconf 85' lang='lat' dir='ltr'><strong>iungens</strong></span> <span class='ocrx_word' id='word_1_188' title='bbox 1194 1352 1329 1391; x_wconf 86' lang='lat' dir='ltr'><strong>superis,</strong></span> 
     </span>
     <span class='ocr_line' id='line_1_69' title="bbox 930 1399 1132 1431; baseline 0.005 -1"><span class='ocrx_word' id='word_1_189' title='bbox 930 1399 1075 1431; x_wconf 82' lang='lat' dir='ltr'><strong>Minorat</strong></span> <span class='ocrx_word' id='word_1_190' title='bbox 1098 1408 1132 1431; x_wconf 91' lang='lat' dir='ltr'><strong>se</strong></span> 
     </span>
    </p>

    <p class='ocr_par' dir='ltr' id='par_1_34' title="bbox 978 1447 1335 1486">
     <span class='ocr_line' id='line_1_70' title="bbox 978 1447 1335 1486; baseline 0 -8"><span class='ocrx_word' id='word_1_191' title='bbox 978 1449 1083 1478; x_wconf 84' lang='lat' dir='ltr'><strong>tamen</strong></span> <span class='ocrx_word' id='word_1_192' title='bbox 1108 1455 1187 1486; x_wconf 89' lang='lat' dir='ltr'><strong>prae</strong></span> <span class='ocrx_word' id='word_1_193' title='bbox 1211 1447 1335 1479; x_wconf 75' lang='lat' dir='ltr'><strong>ceteris</strong></span> 
     </span>
    </p>
   </div>
   <div class='ocr_carea' id='block_1_18' title="bbox 933 1504 1377 1773">
    <p class='ocr_par' dir='ltr' id='par_1_35' title="bbox 933 1504 1377 1773">
     <span class='ocr_line' id='line_1_71' title="bbox 933 1504 1362 1535; baseline -0.005 0"><span class='ocrx_word' id='word_1_194' title='bbox 933 1504 963 1535; x_wconf 92' lang='lat' dir='ltr'>A</span> <span class='ocrx_word' id='word_1_195' title='bbox 989 1504 1133 1535; x_wconf 89' lang='lat' dir='ltr'><strong>convalle</strong></span> <span class='ocrx_word' id='word_1_196' title='bbox 1159 1504 1362 1535; x_wconf 87' lang='lat' dir='ltr'><strong>lacrimarum</strong></span> 
     </span>
     <span class='ocr_line' id='line_1_72' title="bbox 979 1550 1312 1591; baseline -0.003 -9"><span class='ocrx_word' id='word_1_197' title='bbox 979 1551 1020 1582; x_wconf 89' lang='lat' dir='ltr'><strong>ad</strong></span> <span class='ocrx_word' id='word_1_198' title='bbox 1047 1551 1126 1582; x_wconf 87' lang='lat' dir='ltr'><strong>caeli</strong></span> <span class='ocrx_word' id='word_1_199' title='bbox 1151 1550 1312 1591; x_wconf 84' lang='lat' dir='ltr'><strong>fastigium</strong></span> 
     </span>
     <span class='ocr_line' id='line_1_73' title="bbox 933 1598 1377 1638; baseline -0.002 -9"><span class='ocrx_word' id='word_1_200' title='bbox 933 1598 1025 1630; x_wconf 86' lang='lat' dir='ltr'><strong>Ponit</strong></span> <span class='ocrx_word' id='word_1_201' title='bbox 1050 1599 1177 1638; x_wconf 79' lang='lat' dir='ltr'><strong>gradus,</strong></span> <span class='ocrx_word' id='word_1_202' title='bbox 1205 1598 1377 1638; x_wconf 81' lang='lat' dir='ltr'><strong>gratiarum</strong></span> 
     </span>
     <span class='ocr_line' id='line_1_74' title="bbox 977 1646 1342 1685; baseline 0 -9"><span class='ocrx_word' id='word_1_203' title='bbox 977 1646 1153 1685; x_wconf 80' lang='lat' dir='ltr'><strong>implorans</strong></span> <span class='ocrx_word' id='word_1_204' title='bbox 1178 1646 1342 1685; x_wconf 79' lang='lat' dir='ltr'><strong>auxilium,</strong></span> 
     </span>
     <span class='ocr_line' id='line_1_75' title="bbox 934 1693 1354 1725; baseline -0.002 -1"><span class='ocrx_word' id='word_1_205' title='bbox 934 1693 1034 1725; x_wconf 88' lang='lat' dir='ltr'><strong>Huius</strong></span> <span class='ocrx_word' id='word_1_206' title='bbox 1061 1693 1145 1725; x_wconf 89' lang='lat' dir='ltr'><strong>vitae</strong></span> <span class='ocrx_word' id='word_1_207' title='bbox 1169 1702 1208 1725; x_wconf 91' lang='lat' dir='ltr'><strong>ne</strong></span> <span class='ocrx_word' id='word_1_208' title='bbox 1233 1693 1354 1724; x_wconf 88' lang='lat' dir='ltr'><strong>viarum</strong></span> 
     </span>
     <span class='ocr_line' id='line_1_76' title="bbox 981 1741 1331 1773; baseline 0.003 -2"><span class='ocrx_word' id='word_1_209' title='bbox 981 1741 1117 1772; x_wconf 87' lang='lat' dir='ltr'><strong>declinet</strong></span> <span class='ocrx_word' id='word_1_210' title='bbox 1143 1742 1176 1772; x_wconf 89' lang='lat' dir='ltr'><strong>in</strong></span> <span class='ocrx_word' id='word_1_211' title='bbox 1200 1741 1331 1773; x_wconf 88' lang='lat' dir='ltr'><strong>invium.</strong></span> 
     </span>
    </p>
   </div>
   <div class='ocr_carea' id='block_1_19' title="bbox 932 1796 1280 2169">
    <p class='ocr_par' dir='ltr' id='par_1_36' title="bbox 932 1796 1132 1836">
     <span class='ocr_line' id='line_1_77' title="bbox 932 1796 1132 1836; baseline 0.01 -9"><span class='ocrx_word' id='word_1_212' title='bbox 932 1796 998 1827; x_wconf 87' lang='lat' dir='ltr'><strong>Iste</strong></span> <span class='ocrx_word' id='word_1_213' title='bbox 1021 1800 1132 1836; x_wconf 88' lang='lat' dir='ltr'><strong>pastor</strong></span> 
     </span>
    </p>

    <p class='ocr_par' dir='ltr' id='par_1_37' title="bbox 932 1844 1280 1931">
     <span class='ocr_line' id='line_1_78' title="bbox 982 1844 1280 1884; baseline 0.003 -9"><span class='ocrx_word' id='word_1_214' title='bbox 982 1844 1093 1883; x_wconf 84' lang='lat' dir='ltr'><strong>dignus</strong></span> <span class='ocrx_word' id='word_1_215' title='bbox 1119 1846 1280 1884; x_wconf 80' lang='lat' dir='ltr'><strong>memoria,</strong></span> 
     </span>
     <span class='ocr_line' id='line_1_79' title="bbox 932 1888 1147 1931; baseline 0.014 -11"><span class='ocrx_word' id='word_1_216' title='bbox 932 1888 1034 1931; x_wconf 88' lang='lat' dir='ltr'><strong>Virga</strong></span> <span class='ocrx_word' id='word_1_217' title='bbox 1060 1892 1147 1923; x_wconf 84' lang='lat' dir='ltr'><strong>cuius</strong></span> 
     </span>
    </p>

    <p class='ocr_par' dir='ltr' id='par_1_38' title="bbox 936 1936 1244 2018">
     <span class='ocr_line' id='line_1_80' title="bbox 979 1936 1244 1980; baseline 0.011 -11"><span class='ocrx_word' id='word_1_218' title='bbox 979 1936 1107 1978; x_wconf 80' lang='lat' dir='ltr'><strong>fugatur</strong></span> <span class='ocrx_word' id='word_1_219' title='bbox 1131 1940 1244 1980; x_wconf 85' lang='lat' dir='ltr'><strong>bestia,</strong></span> 
     </span>
     <span class='ocr_line' id='line_1_81' title="bbox 936 1986 1121 2018; baseline 0.016 -3"><span class='ocrx_word' id='word_1_220' title='bbox 936 1986 1006 2016; x_wconf 68' lang='lat' dir='ltr'><strong>xita</strong></span> <span class='ocrx_word' id='word_1_221' title='bbox 1033 1986 1121 2018; x_wconf 86' lang='lat' dir='ltr'><strong>cuius</strong></span> 
     </span>
    </p>

    <p class='ocr_par' dir='ltr' id='par_1_39' title="bbox 932 2033 1209 2112">
     <span class='ocr_line' id='line_1_82' title="bbox 980 2033 1209 2069; baseline 0.022 -6"><span class='ocrx_word' id='word_1_222' title='bbox 980 2033 1098 2065; x_wconf 83' lang='lat' dir='ltr'><strong>occidit</strong></span> <span class='ocrx_word' id='word_1_223' title='bbox 1121 2034 1209 2069; x_wconf 75' lang='lat' dir='ltr'><strong>vitia.</strong></span> 
     </span>
     <span class='ocr_line' id='line_1_83' title="bbox 932 2080 1131 2112; baseline 0.005 -1"><span class='ocrx_word' id='word_1_224' title='bbox 932 2080 1023 2112; x_wconf 87' lang='lat' dir='ltr'><strong>Finis</strong></span> <span class='ocrx_word' id='word_1_225' title='bbox 1043 2081 1131 2112; x_wconf 89' lang='lat' dir='ltr'><strong>cuius</strong></span> 
     </span>
    </p>

    <p class='ocr_par' dir='ltr' id='par_1_40' title="bbox 980 2127 1244 2169">
     <span class='ocr_line' id='line_1_84' title="bbox 980 2127 1244 2169; baseline 0.011 -10"><span class='ocrx_word' id='word_1_226' title='bbox 980 2127 1051 2159; x_wconf 83' lang='lat' dir='ltr'><strong>finit</strong></span> <span class='ocrx_word' id='word_1_227' title='bbox 1074 2129 1106 2160; x_wconf 91' lang='lat' dir='ltr'><strong>in</strong></span> <span class='ocrx_word' id='word_1_228' title='bbox 1132 2129 1244 2169; x_wconf 84' lang='lat' dir='ltr'><strong>gloria.</strong></span> 
     </span>
    </p>
   </div>
   <div class='ocr_carea' id='block_1_20' title="bbox 901 2185 1439 2229">
    <p class='ocr_par' dir='ltr' id='par_1_41' title="bbox 901 2185 1439 2229">
     <span class='ocr_line' id='line_1_85' title="bbox 901 2185 1439 2229; baseline 0.011 -14"><span class='ocrx_word' id='word_1_229' title='bbox 901 2209 907 2215; x_wconf 96' lang='lat'>.</span> <span class='ocrx_word' id='word_1_230' title='bbox 934 2185 1049 2224; x_wconf 77' lang='lat' dir='ltr'><strong>Quanti</strong></span> <span class='ocrx_word' id='word_1_231' title='bbox 1074 2190 1201 2218; x_wconf 88' lang='lat' dir='ltr'><strong>sanctus</strong></span> <span class='ocrx_word' id='word_1_232' title='bbox 1226 2188 1268 2218; x_wconf 88' lang='lat' dir='ltr'><strong>sit</strong></span> <span class='ocrx_word' id='word_1_233' title='bbox 1292 2189 1439 2229; x_wconf 88' lang='lat' dir='ltr'><strong>nominis,</strong></span> 
     </span>
    </p>
   </div>
   <div class='ocr_carea' id='block_1_21' title="bbox 932 2233 1341 2461">
    <p class='ocr_par' dir='ltr' id='par_1_42' title="bbox 932 2233 1341 2461">
     <span class='ocr_line' id='line_1_86' title="bbox 979 2233 1294 2275; baseline 0.006 -11"><span class='ocrx_word' id='word_1_234' title='bbox 979 2233 1100 2265; x_wconf 83' lang='lat' dir='ltr'><strong>Mortui</strong></span> <span class='ocrx_word' id='word_1_235' title='bbox 1126 2236 1294 2275; x_wconf 87' lang='lat' dir='ltr'><strong>testantur,</strong></span> 
     </span>
     <span class='ocr_line' id='line_1_87' title="bbox 933 2280 1341 2321; baseline 0.007 -10"><span class='ocrx_word' id='word_1_236' title='bbox 933 2280 992 2320; x_wconf 76' lang='lat' dir='ltr'><strong>Qui</strong></span> <span class='ocrx_word' id='word_1_237' title='bbox 1017 2281 1180 2321; x_wconf 85' lang='lat' dir='ltr'><strong>utriusque</strong></span> <span class='ocrx_word' id='word_1_238' title='bbox 1205 2282 1341 2314; x_wconf 88' lang='lat' dir='ltr'><strong>hominis</strong></span> 
     </span>
     <span class='ocr_line' id='line_1_88' title="bbox 981 2328 1313 2373; baseline 0.009 -14"><span class='ocrx_word' id='word_1_239' title='bbox 981 2328 1089 2360; x_wconf 85' lang='lat' dir='ltr'><strong>Morte</strong></span> <span class='ocrx_word' id='word_1_240' title='bbox 1113 2330 1313 2373; x_wconf 82' lang='lat' dir='ltr'><strong>tenebantur,</strong></span> 
     </span>
     <span class='ocr_line' id='line_1_89' title="bbox 932 2375 1315 2410; baseline 0.008 -3"><span class='ocrx_word' id='word_1_241' title='bbox 932 2375 1013 2408; x_wconf 79' lang='lat' dir='ltr'><strong>Nam</strong></span> <span class='ocrx_word' id='word_1_242' title='bbox 1042 2377 1168 2409; x_wconf 89' lang='lat' dir='ltr'><strong>Claudii</strong></span> <span class='ocrx_word' id='word_1_243' title='bbox 1192 2378 1315 2410; x_wconf 86' lang='lat' dir='ltr'><strong>meritis</strong></span> 
     </span>
     <span class='ocr_line' id='line_1_90' title="bbox 982 2424 1315 2461; baseline 0.015 -6"><span class='ocrx_word' id='word_1_244' title='bbox 982 2424 1079 2456; x_wconf 85' lang='lat' dir='ltr'><strong>Multi</strong></span> <span class='ocrx_word' id='word_1_245' title='bbox 1104 2425 1315 2461; x_wconf 89' lang='lat' dir='ltr'><strong>suscitantur.</strong></span> 
     </span>
    </p>
   </div>
  </div>
 </body>
</html>
