1653 2567
687 82 911 117 „50-

578 174 618 205 16.
649 174 693 205 De
712 177 820 207 sancto
840 176 1010 207 Ambrosio.

271 234 318 266 In
346 235 376 268 1.
401 233 631 268 Nocturno.

350 290 558 326 Rcsponsoria.

158 338 189 370 2.
216 336 323 378 Elegit
347 339 551 371 Ambrosium

214 384 304 417 Tunc
329 386 371 418 ad
396 386 591 426 pontificium

263 434 360 465 Parvi
385 443 446 466 vox
471 433 615 474 infantis,

211 481 313 512 Voces
337 482 441 521 plebis
468 483 650 520 consonant,

214 528 397 561 Praesulem
421 527 506 560 hunc
527 529 694 559 nominant

260 576 354 608 Prius
382 576 613 616 discordantis3

174 646 181 653 .
216 621 370 662 stupidus
398 623 583 656 Ambrosius

211 669 339 702 Turbae
362 669 444 711 fugit
468 670 580 703 anxius

259 718 361 750 Voces
387 718 602 751 acclamantis.

181 797 189 804 .
215 774 406 814 imperatrix
431 775 579 815 pessima,

256 821 381 861 perfida
404 823 541 862 Just-ina,

215 870 371 901 Arrianae
396 870 535 902 haeresis

261 915 380 948 fautrix
406 919 438 948 et
461 916 595 956 sentina,

213 963 356 995 Praesuli
381 963 550 996 Ambrosio

259 1012 365 1043 odium
390 1011 541 1050 portabat

210 1058 349 1090 Mortem
375 1062 407 1090 et
431 1059 574 1090 exsilium

259 1106 308 1137 illi
332 1105 535 1145 propinabat.

173 1178 180 1184 .
211 1153 275 1185 Sed
301 1154 341 1185 <le
367 1153 434 1185 eius
458 1151 543 1185 furia

260 1200 418 1232 modicum
445 1200 586 1242 curabat,

214 1247 273 1286 Qui
297 1252 330 1279 ut
359 1247 456 1279 turris
473 1247 582 1279 valida

261 1297 407 1327 constans
430 1293 540 1327 firmus
566 1298 644 1329 erat.

278 1372 327 1403 ln
352 1372 383 1403 2.
407 1370 637 1405 Nocturno.

337 1427 575 1463 Responsorium.

181 1503 187 1510 .
214 1478 282 1509 Iste
304 1472 464 1521 [praesul]
490 1476 615 1515 nobilis,

214 1524 347 1564 Largus,
373 1524 455 1563 pius,
483 1523 619 1562 humilis,

261 1571 393 1611 Doctor,
418 1573 528 1610 pastor
555 1571 679 1610 dignm,

213 1617 379 1657 Constans,
406 1617 508 1658 fortis,
535 1617 688 1658 providus

260 1665 337 1697 Fuit
362 1671 392 1696 et
418 1666 583 1705 benignus,

172 1738 179 1745 .
212 1713 365 1752 Fervens,
392 1721 496 1752 oranS,
523 1713 663 1754 sedulus,

210 1759 385 1792 Abstinens
410 1765 441 1791 et
464 1760 610 1800 pavidus,

260 1807 365 1839 Timet
389 1807 474 1839 hunc
497 1807 664 1847 malignus

270 1884 317 1916 In
343 1885 375 1917 3.
400 1884 636 1918 Nocturno.

330 1940 569 1976 Responsorium.

181 2016 187 2022 .
212 1989 331 2021 Beatus
354 1989 406 2021 vir
431 1989 587 2031 occubuit,

215 2036 359 2069 Caeleste
385 2045 515 2079 regnum
541 2036 622 2068 adiit

256 2085 296 2116 In
320 2088 462 2124 tempore
486 2084 640 2125 paschali,

211 2133 309 2172 Quem
334 2131 489 2172 baptizati
513 2132 640 2172 parvuli

213 2180 352 2212 Cernunt
379 2189 436 2219 per
461 2180 523 2211 vim
550 2179 695 2212 miraculi

258 2227 297 2259 In
323 2227 399 2259 sede
424 2227 586 2261 tribunali.

171 2299 177 2305 .
215 2274 375 2307 Viderunt
400 2275 524 2307 stellam
550 2276 644 2307 alteri

213 2323 316 2362 Super
341 2323 521 2355 adstantem
546 2323 672 2362 corpori

260 2370 399 2412 Fulgore
421 2371 620 2412 perlustrari.

998 238 1014 270 I
1023 249 1043 270 n
1069 239 1096 271 L
1105 249 1154 272 au
1165 240 1233 273 dib
1243 250 1263 273 u
1272 250 1297 273 S.

1045 313 1241 351 Antiphonae.

842 372 857 403 1
897 374 1086 406 Ambrosius
1111 379 1255 414 tempore

945 421 1218 462 Quadragesimali

896 468 1065 507 Languens
1090 470 1208 511 migrat
1232 478 1365 511 vespere

947 514 1085 549 Sabbato
1109 518 1263 558 paschali.

866 619 873 626 .
899 592 1059 625 Psalmum
1086 603 1156 626 cum
1180 594 1304 626 notario

944 641 1114 673 Decubans
1142 641 1292 681 dictabat,

897 688 1029 727 Quando
1055 689 1143 721 vultu
1168 689 1260 729 igneo

943 735 1043 768 Totus
1068 736 1231 770 rutilabat.

861 836 868 843 .
896 811 1024 843 Scutum
1046 811 1127 852 ignis
1152 813 1299 851 primitus

944 859 1048 898 Caput
1073 860 1139 891 eius
1164 861 1255 903 texit,

896 906 990 939 Cuius
1016 916 1051 938 os
1078 907 1230 939 divinitus

943 953 1070 985 intrans
1095 963 1129 985 se
1153 954 1296 994 ingessit.

863 1054 870 1061 .
899 1030 1011 1063 Valuit
1033 1030 1080 1062 nil
1104 1031 1241 1070 amplius

944 1077 1079 1110 Sanctus
1103 1079 1152 1110 vir
1177 1078 1308 1118 dictare,

897 1124 1055 1157 Gravibus
1081 1126 1286 1167 languoribus

944 1172 1057 1212 Coepit
1080 1172 1237 1205 laborare.

862 1271 869 1278 .
897 1247 1027 1279 Praesul
1054 1249 1255 1280 constituitur

945 1294 1031 1326 Clam
1058 1294 1295 1338 simplicianus,

897 1341 1030 1374 Sanctus
1056 1343 1170 1375 absens
1192 1344 1353 1384 loquitur:

943 1389 1049 1422 Bonus
1074 1394 1131 1431 est,
1158 1391 1215 1423 sed
1242 1400 1349 1426 canuS.

1015 1495 1062 1522 Ad
1080 1494 1266 1522 Benedictus.

857 1573 864 1580 .
896 1551 1058 1592 Ambrosi,
1084 1552 1189 1584 lumen
1214 1551 1382 1592 fulgidum,

896 1599 1105 1632 Arrianorum
1130 1600 1295 1632 horridum

942 1646 1094 1679 Errorem
1120 1647 1173 1687 qui
1199 1646 1326 1689 fugasti,

895 1693 1033 1734 Expelle
1057 1696 1171 1726 mentis
1196 1695 1345 1728 tenebras

897 1741 940 1773 Et
966 1741 1108 1781 corporis
1132 1743 1313 1783 illecebras,

945 1788 990 1822 Ut
1013 1790 1111 1820 simus
1137 1799 1265 1830 semper
1291 1793 1379 1824 casti.

968 1905 1013 1936 In
1040 1907 1070 1937 2,
1098 1904 1315 1945 Vesperis.

1014 1979 1062 2006 Ad
1079 1979 1261 2016 Magnificat.

856 2064 863 2072 .
898 2037 1015 2069 Sancte
1039 2038 1202 2072 Ambrosi,

942 2085 1025 2117 bone
1048 2089 1157 2126 pastor
1182 2087 1299 2128 ovium,

897 2132 981 2175 Dux,
1009 2142 1082 2173 spes
1108 2138 1141 2166 et
1163 2135 1266 2167 honor

943 2186 1069 2213 tuorum
1096 2182 1283 2228 concivium,

896 2228 1044 2261 Lucerna
1068 2230 1154 2262 vitae

945 2277 1067 2308 cunctis
1091 2278 1196 2310 lumen
1223 2281 1397 2321 praevium,

895 2325 989 2357 Viam
1015 2326 1132 2357 mereri

945 2371 998 2405 fac
1022 2373 1065 2405 ad
1091 2375 1172 2406 caeli
1197 2374 1353 2410 bravium.
