1653 2567
681 112 916 147 -14-

216 209 406 241 Coronatum
431 208 573 247 mirifice,
897 208 1011 239 Vestra.
1037 216 1124 250 crux,
1152 209 1258 240 vestra
1283 207 1416 239 vulnera

216 256 352 295 Quorum
377 257 536 297 precibus,
562 266 618 289 rex
644 258 706 296 pie,
895 255 967 287 Sint
992 257 1103 288 contra
1126 258 1236 288 nostra
1261 254 1385 286 scelera

217 303 336 336 Nostra
361 305 433 336 dele
457 304 583 344 piacula
942 304 1099 335 Tutamen
1124 311 1162 334 ac
1186 302 1381 341 remedium3

215 351 260 383 Et
286 351 327 383 da
351 352 430 383 lucis
455 352 581 392 gaudia.
945 349 1089 382 Caeleste
1112 349 1313 391 beneficium,

896 397 986 437 Quod
1011 398 1207 436 impetrastis
1232 406 1252 429 a
1275 397 1354 437 Deo,

289 439 334 470 In
360 439 391 469 2·
418 437 526 477 VeSP
538 437 633 471 eris,
896 445 1051 477 Procuret
1080 445 1201 476 homini
1225 453 1279 476 reo

329 492 375 520 Ad
394 492 575 529 Magnificat.
896 491 1053 532 Solamen,
1080 501 1181 533 opem,
1208 492 1332 523 veniam

143 542 183 574 A.
214 542 238 574 O
264 542 424 574 benedicti
449 544 615 584 martyres,
944 539 988 570 Et
1010 542 1085 578 post
1108 540 1168 571 hoc
1193 539 1338 570 exsilium

213 589 326 620 Estote
350 589 450 620 nostri
474 597 640 630 memores,
896 586 1151 626 Tranquillitatis
1177 587 1325 626 patriam.

223 684 306 710 Brev.
334 691 386 709 ms.
409 682 602 710 cisterciense
621 682 776 710 Neerland.
804 690 880 709 saec.
902 679 945 708 14.
988 680 1288 708 Cod.Pian01-en.M
1313 680 1337 709 1.
1359 680 1392 707 A.
1416 694 1442 698 —-

145 720 216 748 Clm.
237 720 389 747 Monacen.
410 719 459 752 (ol.
483 719 708 754 Emmeramen.)
731 717 836 747 14926.
858 727 933 747 saec.
950 717 994 746 15.
1015 719 1047 746 Β.
1069 733 1106 738 —
1122 720 1206 746 Brev.
1227 728 1281 746 ms.
1306 727 1383 746 saec.
1405 716 1450 745 14.

145 758 213 786 Cod.
238 759 388 785 Trevir.en
413 755 478 785 431.
507 758 538 786 C.
565 773 602 778 —
629 758 672 786 In
701 756 725 785 1.
751 757 857 784 Nocti
885 755 907 783 Α
933 754 1008 790 3,1
1036 756 1147 784 Sancta
1172 757 1260 784 turba
1283 758 1317 785 B.
1344 771 1382 776 ——
1414 757 1451 784 In

143 794 170 823 2.
191 797 243 824 No
255 798 297 823 ct
321 793 341 821 Β
365 794 379 822 1
401 796 425 824 O
446 804 531 830 quam
551 795 681 833 glorifico
705 796 868 823 811113.-
891 792 912 820 R
933 793 951 821 2
970 795 1064 822 lautet.
1082 796 1115 821 in
1133 795 1173 822 B:

597 843 765 871 Salomonis
786 842 925 870 lectulum

634 881 769 909 ambiunt
786 880 947 913 fortissimi,

596 918 805 947 Circumeincti
823 917 940 953 gladiis,

633 957 671 984 ad
690 956 771 984 bella
790 956 963 990 doctissimi,

536 995 571 1021 V.
595 994 642 1021 Ad
662 994 802 1021 arcendas
820 994 994 1021 daemonum

593 1032 726 1059 Virtutes
748 1034 777 1059 et
796 1032 925 1059 noctium

633 1069 789 1097 Domanda
810 1069 1026 1105 phantasmata.

142 1115 162 1143 R
182 1116 203 1144 4
220 1118 312 1144 Avete
331 1117 417 1145 flores
439 1118 597 1151 martyrum
618 1118 672 1143 etc.
692 1117 725 1144 B.
746 1130 781 1135 —
802 1116 844 1143 In
863 1114 890 1143 3.
910 1116 1012 1143 Noct.
1034 1116 1071 1143 ad
1092 1115 1175 1143 Cant.
1197 1117 1222 1143 A
1243 1117 1274 1143 in
1294 1117 1334 1143 B:

404 1154 487 1181 Mare
512 1155 632 1181 rubrum
652 1155 833 1181 transierunt
852 1163 904 1189 per
924 1154 1017 1181 crucis
1038 1154 1184 1189 supplicia

405 1191 514 1226 Sancti,
535 1192 662 1219 Domino
683 1193 820 1219 canentes
841 1192 981 1227 hymnum
1001 1200 1068 1218 cum
1086 1192 1212 1219 laetitia.

141 1238 161 1265 R
185 1239 199 1267 1
221 1241 252 1267 in
273 1240 426 1268 derselben
449 1239 565 1272 Quelle:

345 1279 380 1305 R.
405 1277 493 1305 Talia
512 1278 763 1313 praeparaverunt
786 1278 929 1311 martyres
950 1277 1058 1310 eximii,

406 1315 514 1349 Qualia
532 1316 614 1350 prius
634 1317 822 1350 sumpserunt
840 1315 872 1340 in
892 1323 993 1341 mensa
1013 1316 1060 1342 sui
1079 1315 1208 1350 Domini,

347 1353 382 1379 V.
407 1352 603 1380 Tradiderunt
622 1354 740 1388 propter
760 1353 855 1379 Deum
876 1360 1000 1387 corpora
1020 1354 1189 1386 tortoribus,

402 1390 488 1418 Unde
507 1390 691 1426 triumphant
709 1391 740 1417 in
761 1390 851 1417 caelis
875 1399 941 1417 cum
961 1392 1095 1426 supernis
1116 1392 1241 1419 civibus.

144 1436 164 1464 R
187 1436 213 1464 2.
244 1438 326 1465 Vidit
345 1440 414 1465 ante
433 1438 569 1465 thronum
589 1438 646 1465 Dei
666 1439 719 1464 etc.
740 1438 772 1464 B.
791 1452 831 1456 —
852 1435 871 1463 R
893 1434 910 1465 3
932 1438 1057 1465 ebenda:

478 1476 512 1503 R.
540 1476 585 1502 De
605 1477 734 1502 torrente
754 1476 901 1511 passionis

573 1514 609 1541 In
630 1514 679 1540 via
696 1513 764 1540 dum
784 1514 869 1547 bibit,

534 1551 636 1578 'IHirba
656 1559 757 1578 sacrae
776 1551 902 1587 legionis

573 1589 703 1616 Aureum
725 1589 821 1616 adivit

534 1627 591 1655 Per
611 1635 764 1654 ascensum
783 1629 975 1663 purpuratum

535 1665 624 1701 Regis
645 1664 812 1692 Salomonis
831 1666 1061 1693 reclinatorium.

477 1703 513 1729 V.
540 1702 638 1739 Signis
659 1703 796 1730 clarescit

573 1741 655 1776 haec,
677 1741 741 1767 illic
759 1741 856 1777 gloria
879 1742 992 1769 crescit.

214 1788 256 1815 In
276 1788 388 1815 Laud.
410 1787 506 1816 haben
520 1787 571 1814 AB
587 1796 642 1814 nur
657 1788 721 1815 eine
734 1788 892 1823 Antiphon,
914 1788 962 1816 die
976 1791 1064 1823 erste3
1088 1789 1136 1817 die
1150 1789 1260 1817 andern
1273 1791 1337 1817 vier
1350 1790 1454 1818 stehen

142 1827 175 1853 in
193 1825 217 1852 B
239 1825 276 1852 311
295 1834 401 1861 parvas
421 1826 517 1853 horas.
552 1826 595 1853 Es
615 1827 694 1862 zeigt
712 1826 782 1854 aber
801 1826 865 1853 ihre
884 1826 1091 1863 Bezugnahme
1110 1828 1164 1854 auf
1180 1827 1228 1855 die
1243 1828 1383 1855 Psalmen
1403 1829 1454 1856 der

140 1863 272 1897 Laudes,
299 1863 362 1891 dass
387 1864 431 1891 sie
456 1863 663 1900 urspriinglich
689 1864 735 1891 fiir
759 1864 807 1891 die
826 1864 943 1892 Laudes
969 1865 1119 1892 bestimmt
1145 1865 1220 1892 sind.
1248 1881 1284 1885 --
1310 1864 1333 1892 Α
1354 1865 1371 1894 1
1391 1867 1455 1894 Ista

140 1906 306 1929 sanctorum
332 1903 383 1937 pia
409 1903 534 1929 societas
561 1904 614 1929 etc.
643 1901 795 1937 prosaisch
817 1901 847 1929 C.
872 1917 909 1920 —
928 1903 975 1930 Ad
994 1903 1102 1930 Bened.
1126 1902 1162 1937 Α,
1183 1901 1201 1931 3
1224 1903 1454 1932 Candidatorum

139 1939 173 1966 Β.
195 1954 228 1958 -
250 1939 302 1967 Ad
322 1939 444 1967 Horas
464 1939 517 1967 hat
534 1940 560 1967 A
580 1939 716 1975 folgende
737 1938 799 1966 ΑΑ;
821 1940 859 1967 ad
877 1940 1021 1968 Primam:

575 1988 618 2015 Hi
640 1989 710 2014 sunt.
727 1988 812 2015 flores
838 1989 1011 2022 venustans,

614 2025 694 2059 Quos
715 2026 855 2061 spirantis
875 2027 990 2062 gratiae

574 2064 634 2091 Ver
658 2066 687 2090 et
705 2065 802 2091 aestas
823 2065 956 2092 caritatis

612 2101 818 2129 Produxerunt
836 2102 934 2130 hodie.

216 2147 261 2175 Ad
280 2149 424 2176 Tertiam:
452 2150 476 2177 Ο
501 2149 635 2177 caelestis
661 2149 752 2185 legio,
780 2150 888 2177 victrix
913 2151 1010 2177 turma
1033 2153 1196 2186 martyium
1227 2154 1456 2188 purpuratorum

141 2184 258 2213 decem
242 2187 385 2221 “milium‚
408 2189 461 2215 etc.
482 2202 520 2206 —
539 2187 586 2215 Ad
607 2187 739 2215 Sextam:
760 2187 942 2216 Benedicant
959 2188 1087 2216 Domino
1111 2191 1164 2216 etc.
1187 2204 1225 2208 —
1245 2189 1291 2216 Ad
1310 2190 1442 2218 Nonam:

632 2225 761 2253 Istorum
781 2226 907 2262 collegio

635 2263 717 2291 Caeli
736 2266 842 2291 vernat
860 2265 951 2301 regio,

631 2302 764 2329 Fulcitur
784 2302 917 2336 eeclesia,

633 2340 793 2368 Paradisus
814 2340 931 2377 fraglat,

631 2375 773 2414 Mundusj
783 2378 945 2407 redimitur.
