1653 2567
678 64 932 100 —154—

152 166 190 198 V.
226 164 303 197 Vivo
329 164 432 204 sopito
458 166 600 203 tempore

274 212 449 245 Decessum
460 211 545 243 hunc
556 210 650 251 plebs
657 210 779 242 iudicat

317 260 476 292 Intentum
501 259 680 290 moriturae.

284 365 332 397 In
359 365 390 398 3.
414 364 640 396 Nocturno.

372 428 567 464 Antiphonae.

167 488 198 521 1.
221 487 387 520 Francisci
414 494 506 518 carus
530 485 615 518 filius

274 534 442 573 Nunquam
470 533 672 572 degeneravit

227 581 279 613 Ab
307 590 353 620 e0‚
379 581 437 613 sed
461 581 494 612 in
518 579 631 612 melius

274 629 380 661 Vitam
406 628 471 659 eius
496 627 645 661 servavit.

168 692 198 719 '.
227 685 319 718 Pacis
348 685 449 716 cultor
474 683 619 717 amabilis

275 733 389 764 Pacem
415 730 549 770 praebet
575 731 694 770 divisis,

226 778 282 811 Sic
306 787 387 819 pace
413 777 671 810 commendabilis

272 827 301 858 A
328 825 448 858 cunctis
473 825 510 857 fit
535 825 584 857 his
610 825 696 858 visis.

196 909 204 916 .
229 881 378 915 Adflictis
405 884 436 913 et
459 881 651 922 pauperibus

274 930 452 962 Condolens
476 930 566 960 iuxta
589 938 693 969 nosse⁷

226 976 293 1008 Hos
320 976 412 1008 <lictis
435 979 467 1007 et
491 977 639 1015 operibus

275 1023 420 1056 Fovebat
443 1026 510 1055 toto
534 1031 638 1063 posse.

361 1098 567 1131 Responsoria.

197 1180 204 1188 .
232 1154 332 1187 Stella
357 1153 480 1195 fulgens

276 1202 376 1233 claret
399 1203 433 1233 in
457 1210 541 1240 aere,

227 1248 324 1286 Quam
350 1249 448 1280 multa
471 1257 546 1288 gens

274 1296 388 1327 meruit
413 1303 543 1327 cernere

231 1341 334 1381 Super
359 1345 454 1382 caput

273 1390 376 1421 sancti
401 1389 595 1421 descendere

226 1435 381 1468 Duodena

274 1482 388 1515 frontis
412 1482 628 1515 Christiferae.

188 1555 195 1562 .
225 1530 343 1562 Mirum
372 1529 431 1562 fuit
457 1531 580 1571 signum
606 1539 689 1573 vere,

232 1576 321 1615 Quod
346 1577 449 1616 patuit
474 1579 520 1609 sic
545 1578 675 1610 clarere.

196 1661 202 1667 .
228 1634 422 1674 Alphonsus,
446 1643 502 1666 rex
528 1635 730 1674 clarissimus,

275 1682 404 1713 Ascribi
429 1686 572 1713 sanctum
596 1681 716 1713 monuit

325 1728 476 1768 catalogo
501 1732 690 1768 sanctorum,

230 1775 288 1809 Cui
312 1778 404 1816 pater
429 1776 644 1808 sanctissimus

280 1822 473 1855 eonsensum
498 1833 583 1863 papa
608 1824 754 1862 praebuit

323 1870 448 1902 Virtute
470 1872 664 1910 meritorum,

189 1943 198 1951 .
229 1917 343 1950 Coetus
370 1918 520 1950 Senarum
544 1919 691 1958 optimus,

276 1965 412 2005 Aquilae
438 1966 487 1996 eui
511 1974 571 1998 non
600 1965 701 1999 defuit

327 2011 392 2045 Sed
416 2021 475 2045 nec
500 2013 578 2045 ordo
603 2013 769 2047 minorum.

320 2109 367 2140 In
390 2107 624 2140 Laudibus.

379 2181 574 2217 Antiphonae.

196 2265 202 2271 .
231 2239 277 2273 Ob
303 2249 413 2272 sacrae
438 2240 522 2272 vitae
547 2240 692 2272 meritum

230 2287 272 2320 Et
298 2288 468 2328 gloriosum
494 2288 613 2320 exitum

275 2335 366 2368 Beati
390 2336 605 2369 Bernhardini

907 160 1114 192 Personemus
1140 155 1298 198 alacriter,

910 208 970 240 Per
997 206 1159 239 Christum
1183 207 1219 236 ut
1242 202 1383 235 finaliter

954 253 1139 286 Reddamur
1164 254 1272 284 sancto
1297 248 1364 283 fini.

871 354 879 363 .
905 332 942 363 In
970 329 1065 362 caelis
1091 331 1218 361 sanctus
1242 326 1365 370 iubilat7

906 380 944 411 In
969 377 1064 409 terris
1090 384 1213 417 quoque
1237 374 1349 407 rutilat

954 424 1122 457 Mirandus
1147 424 1209 455 iste
1238 422 1346 463 signis,

906 472 959 505 Sic
985 473 1012 504 ei
1038 472 1130 511 plebs
1156 470 1306 512 afficitur,

905 521 991 560 Quae
1018 519 1113 559 digna
1137 527 1210 550 mox
1236 516 1374 549 efficitur

952 566 1052 599 Donis
1079 565 1221 597 eiusdem
1247 564 1361 605 dignis.

871 666 878 674 .
907 642 1038 675 Cunctis
1062 643 1230 681 praestans
1255 639 1407 672 auxilium

905 690 1046 721 Mentem
1071 691 1177 721 movet
1200 688 1339 720 fidelium

953 737 1011 768 Vir
1037 738 1144 767 tantus
1169 736 1211 768 ad
1237 735 1402 778 orandum,

905 785 970 816 Iam
999 786 1135 823 pergunt
1160 792 1219 822 per
1241 782 1358 814 itinera

905 830 1017 863 Secum
1044 829 1183 862 ferentes
1209 838 1341 861 munera

950 878 1005 910 Ad
1031 886 1101 909 eum
1126 878 1356 909 honorandum.

872 979 878 986 .
906 953 1000 986 Orbis
1025 957 1131 985 terrae
1155 962 1214 992 per
1239 953 1365 984 climata

903 1000 1063 1040 Fragrant
1086 1004 1123 1032 ut
1144 1000 1352 1040 thymiamata

951 1048 1071 1080 Merita
1094 1048 1198 1080 sancti
1222 1048 1294 1088 viri,

904 1094 1029 1134 Suaque
1053 1103 1146 1127 sacra
1172 1095 1321 1136 dogmata

902 1142 1017 1174 Mundi
1042 1142 1168 1182 pellunt
1193 1143 1417 1181 phantasmata

954 1190 1061 1222 Insani
1087 1198 1125 1221 ac
1151 1189 1255 1223 deliri.

877 1289 884 1295 .
908 1264 1104 1296 Laudandus
1130 1268 1177 1296 est
1203 1273 1261 1305 per
1286 1266 1391 1297 omnia

908 1312 1012 1344 Iesum
1037 1313 1173 1344 laudans
1198 1313 1367 1352 praeconia

956 1358 1090 1390 Sanctus
1117 1360 1169 1391 hic
1193 1360 1372 1400 salvatoris,

908 1406 972 1438 Cur
998 1407 1064 1438 eius
1090 1407 1129 1438 ob
1156 1407 1324 1439 sollemnia

910 1452 995 1485 Laus
1022 1453 1084 1485 sibi
1110 1463 1180 1485 cum
1203 1455 1367 1486 harmonia

957 1499 1061 1532 Detur
1087 1501 1193 1534 cordis
1220 1504 1252 1533 et
1276 1503 1351 1534 oris.

1021 1613 1066 1641 Ad
1086 1613 1270 1642 Benedictus.

872 1695 879 1703 ‚
911 1670 935 1702 O
962 1678 1051 1702 sacer
1075 1671 1137 1703 Dei
1163 1670 1291 1713 famule,

908 1717 1131 1750 Bernhardine
1156 1721 1191 1750 tu
1217 1721 1354 1758 consule,

915 1764 997 1803 Quid
1022 1766 1177 1806 agendum
1203 1768 1369 1809 veraciter,

911 1813 958 1845 Ut
982 1822 1130 1853 queamus
1155 1814 1328 1847 salubriter

961 1859 1103 1893 Gratiam
1128 1862 1255 1904 mereri,

911 1909 968 1948 Qui
995 1912 1137 1941 errantes
1162 1918 1222 1949 per
1247 1910 1341 1943 devia

907 1957 1113 1988 Peccatorum
1141 1956 1286 1989 direxisti

910 2005 1056 2044 Quosque
1079 2004 1191 2036 salutis
1215 2005 1248 2037 in
1274 2007 1327 2039 via

914 2051 1146 2092 Deduxistique
1170 2052 1284 2094 gratia,

959 2098 1044 2137 Quae
1071 2099 1166 2132 debet
1190 2100 1244 2132 hie
1270 2103 1392 2144 quaeri,

912 2146 999 2186 Tuis,
1025 2149 1128 2188 pater,
1155 2149 1366 2190 supplicibuS‚

909 2194 957 2227 Ut
981 2194 1095 2226 ceteris
1119 2198 1154 2227 tu
1179 2194 1295 2238 fecisti,

912 2241 1050 2281 Tempus
1074 2242 1212 2283 impetra
1236 2246 1396 2287 precibus,

910 2291 977 2329 Quo
1002 2290 1127 2329 possint
1150 2293 1350 2332 paenitentia

961 2337 1097 2371 Peccata
1124 2340 1234 2373 deleri.
