1653 2567
712 122 975 158 —164—

198 223 229 254 2.
253 221 380 258 Pandit,
408 228 489 260 quae
515 220 683 252 delectatio

297 269 438 300 Matrem
462 267 589 299 Annam
612 265 769 309 replebat,

257 315 340 348 Suae
363 313 443 347 felix
464 313 582 346 infusio

301 363 384 395 Dum
411 363 535 394 animae
558 361 664 396 fiebat.

198 420 228 451 3.
255 420 423 459 Nunquam
447 419 548 449 sensit
572 419 750 459 contagium

303 466 417 503 Maria,
444 465 503 496 sed
527 465 709 497 sublimium

256 513 414 546 Virtutum
444 512 543 552 gessit
567 513 669 544 lilium

301 560 383 592 Prae
409 560 521 590 ceteris
547 561 737 592 mortalium.

393 633 601 669 Responsoria.

201 694 231 724 1.
257 692 372 731 Mariae
399 691 488 731 virgo
513 693 657 733 parvula,

304 739 463 772 Christum
488 740 576 771 nasei
603 741 643 772 de
668 740 791 779 virgine

350 788 413 819 Per
436 787 610 826 prophetas
634 788 800 826 instructa,

304 834 387 865 Tota
410 834 524 865 mentis
551 834 720 867 dulcedine

256 881 336 912 Eius
357 884 485 919 optatur
507 880 628 913 famula

354 928 442 965 Quod
467 927 560 959 fieret,
583 929 734 972 innupta3

182 975 224 1008 V.
254 974 467 1007 Desiderium
484 975 616 1008 animae
633 977 700 1009 eius
713 976 814 1009 tribu—

252 1022 310 1054 isti
327 1022 365 1062 ei,
387 1021 542 1062 Domine,
568 1024 607 1054 in
624 1024 813 1057 benedictio-

253 1070 348 1102 m'bus
375 1068 564 1102 dulcedinis.

199 1127 231 1158 2.
257 1127 405 1158 Ancillae
430 1126 640 1158 ministerium

306 1173 404 1206 Grato
431 1172 558 1205 fervore
583 1175 715 1213 spiritus

348 1221 432 1252 Dum
457 1220 584 1252 humilis
608 1221 744 1260 affectat,

301 1267 414 1299 Illuxit
439 1268 467 1298 ei
493 1268 625 1299 caelitus

252 1315 295 1346 Et
319 1314 381 1346 Dei
410 1315 513 1353 patris
539 1314 640 1346 filium

347 1363 386 1394 In
410 1365 499 1393 utero
526 1365 686 1402 receptat3

182 1410 221 1441 V.
257 1408 383 1441 cibavit
419 1418 490 1439 eam
524 1409 690 1442 Dominus
717 1419 812 1454 pane

254 1457 339 1488 vitae
365 1458 393 1488 et
414 1455 600 1490 intellectus.

198 1514 227 1546 3.
254 1513 292 1545 In
320 1513 481 1545 excessivo
507 1514 623 1552 gaudio

252 1561 321 1593 Iam
346 1564 420 1592 nato
448 1560 532 1591 dulci
556 1560 622 1592 filio

300 1609 397 1648 Virgo
421 1611 523 1639 mater
546 1609 692 1648 exsultat,

253 1656 338 1688 Dum
364 1654 453 1686 videt
476 1655 620 1687 membra
644 1659 764 1694 tenera,

254 1703 317 1735 Per
343 1710 422 1742 quae
445 1703 628 1735 transibunt
651 1704 793 1742 vulnera,

301 1750 402 1781 Dolor
427 1750 515 1781 cordi
542 1751 694 1791 resultat3

182 1797 221 1828 V.
249 1795 455 1829 ,abscondisti
471 1797 550 1829 haec
570 1807 591 1829 a
607 1798 809 1838 sapientibus

252 1845 280 1875 et
309 1843 523 1884 prudentibus
549 1848 577 1877 et
600 1845 749 1878 revelasti
771 1855 810 1878 ea

243 1891 409 1931 parvulis.

315 2017 361 2048 In
388 2016 418 2047 3.
446 2014 680 2049 Nocturno.

395 2089 591 2125 Antiphonae.

195 2149 226 2180 1.
253 2148 297 2180 Ut
326 2148 451 2180 doctrix
477 2149 633 2189 evangelii

297 2196 346 2227 De
370 2205 452 2228 novo
475 2200 577 2228 mater
601 2196 664 2228 Dei

250 2242 345 2275 Suam
370 2245 533 2283 totamque
556 2243 616 2276 filii

294 2292 401 2324 Vitam
427 2291 625 2324 demonstrat
649 2292 687 2324 ei.

193 2349 224 2381 2.
252 2349 305 2380 Ad
332 2347 426 2380 finem
453 2358 472 2380 a
495 2349 654 2389 principio

298 2396 418 2429 Christi
442 2405 561 2435 poenas
587 2397 753 2438 expressit,

933 219 978 251 Et
1003 220 1220 251 consummato
1245 217 1369 258 proelio

987 266 1088 305 Quam
1111 264 1229 298 flebilis
1255 266 1403 298 decessit.

881 324 913 356 3.
940 323 1038 362 Quam
1064 321 1142 355 forti
1166 323 1367 355 vehementia

985 371 1086 403 Dolor
1111 380 1181 402 eam
1205 369 1377 414 transfixit,

937 418 1022 450 Dum
1043 422 1177 450 mortem
1203 422 1235 449 et
1259 416 1437 458 opprobria

988 465 1107 498 Christi
1131 466 1222 508 vidit,
1251 465 1361 499 edixit.

1069 559 1279 594 Responsoria.

882 618 912 651 1.
939 617 1088 648 Vicissim
1113 617 1232 648 sanctis
1255 617 1399 657 loquitur

938 664 983 696 Et
1007 664 1189 703 colloquens
1215 665 1394 704 assequitur

987 709 1175 744 Mellifiuam
1201 712 1389 754 doctrinam,

940 760 1112 792 Perversos
1136 768 1241 790 mores
1266 762 1405 800 arguunt

938 807 982 838 Et
1007 806 1188 838 christianis
1214 807 1384 838 consulunt

989 854 1148 885 Virtutum
1173 854 1380 893 medic-amen,

869 903 907 934 V.
937 901 988 934 Ne
999 901 1132 941 quando
1144 901 1309 934 irascatur
1319 901 1496 941 Dominus,

940 952 970 981 et
990 950 1126 988 pereant
1149 949 1189 980 de
1209 949 1267 981 vta
1288 949 1388 982 iusta.

883 1007 915 1038 2.
940 1006 1004 1038 Pro
1031 1006 1177 1044 dogmate
1202 1004 1343 1038 fidelium

988 1053 1067 1084 Tam
1092 1051 1240 1092 frequens
1265 1054 1419 1085 revelatio

941 1100 1001 1132 Est
1026 1100 1184 1132 mentibus
1208 1101 1380 1140 legentium

991 1147 1110 1187 Stupor
1135 1150 1167 1178 et
1190 1148 1370 1189 admiratio,

942 1194 1086 1235 Sponsae
1113 1194 1208 1226 decus
1234 1196 1383 1227 eximium

989 1241 1171 1280 Famaeque
1198 1242 1390 1284 divulgati03

869 1289 908 1322 V.
936 1288 1139 1321 Immortalis
1166 1292 1210 1321 est
1235 1290 1322 1321 enim
1338 1290 1499 1322 mentori«.

940 1336 1043 1376 illius,
1070 1336 1149 1375 quia
1173 1337 1264 1376 apud
1287 1337 1395 1370 Deum
1419 1340 1500 1370 mota

942 1385 989 1416 est
1012 1385 1041 1415 et
1065 1384 1156 1423 apud
1178 1384 1334 1417 homines.

1032 1526 1078 1558 in
1102 1525 1336 1560 Laudibus,

1084 1600 1280 1635 Antriphonae.

881 1658 912 1691 1.
936 1656 1018 1690 Post,
1041 1661 1176 1689 mortem
1200 1659 1263 1690 viri
1288 1660 1416 1699 penitus

987 1705 1111 1745 Sponsa
1137 1705 1263 1738 Christo
1288 1707 1441 1747 subiecta,

936 1752 1027 1784 Haec
1050 1752 1183 1785 Romam
1206 1755 1296 1787 iuxta
1320 1756 1452 1795 spiritus

986 1800 1195 1841 Praeceptum
1223 1805 1271 1834 est
1295 1802 1454 1843 profecta.

880 1858 911 1891 2.
938 1857 1012 1889 Illic
1036 1867 1112 1889 suae
1137 1859 1317 1892 sublimiter

986 1906 1081 1938 Vitae
1104 1906 1206 1938 virtus
1232 1909 1388 1949 ascendit,

941 1952 1091 1993 Odorque
1116 1952 1220 1985 famae
1247 1955 1385 1988 dulciter

986 1999 1029 2032 Se
1050 2001 1179 2041 populis
1205 2004 1360 2036 extendit.

880 2058 910 2090 3.
936 2056 1023 2089 Loca
1050 2062 1231 2090 sanctorum
1258 2061 1341 2092 adiit

987 2105 1084 2144 Quam
1110 2106 1259 2148 plurima,
1288 2109 1362 2141 dum
1387 2109 1479 2152 vixit,

937 2152 1052 2184 Totum
1076 2153 1148 2195 iter‚
1173 2157 1259 2195 quod
1284 2158 1421 2195 transiit,

986 2201 1131 2233 Christus
1158 2202 1188 2233 ei
1211 2205 1384 2242 praedixit.

877 2257 909 2289 4.
935 2256 1078 2289 Fervens
1103 2268 1211 2291 amore
1235 2259 1363 2294 fortiter

981 2306 1089 2337 Aetati
1115 2316 1180 2339 non
1207 2310 1362 2351 pepercit,

936 2352 1111 2385 Ierusalem
1138 2354 1285 2388 hilariter

984 2400 1029 2433 Et
1053 2400 1241 2435 Bethlehem
1266 2406 1421 2444 perrexit.
